2900 7100
262 1724 343 1808 nn.
360 1713 556 1802 aurnum
569 1712 819 1798 ¹neruoso.
839 1713 991 1794 arran
1009 1719 1139 1822 carr.
1167 1741 1234 1821 ψ,
1264 1741 1269 1758 ·

215 1923 291 1981 rum
313 1891 614 1974 Grammaticonm
638 1887 734 1963 usum
764 1886 900 1966 iubent.
950 1893 1024 1991 Jam
1047 1893 1131 1968 vero
1151 1915 1224 1970 me·
1258 1975 1264 1990 ,

219 2028 317 2104 liores
340 2021 385 2097 illi
399 2016 671 2116 antiquioresque
698 2014 938 2109 Grammatici,
963 2021 1145 2114 equorum
1161 2044 1224 2101 nu·

220 2178 313 2231 mero
340 2150 479 2225 suerunt
505 2147 591 2220 Orus
620 2142 660 2218 da
681 2143 814 2233 Draco,
846 2159 985 2240 poetam
1009 2141 1226 2240 Euphorione

222 2279 262 2360 ἃ
283 2271 463 2356 Parthenio
478 2268 701 2344 recentiorem
721 2269 854 2346 nudae
876 2270 983 2347 solent
1001 2271 1135 2349 nulium.
1169 2275 1229 2348 De

224 2405 363 2501 Hymnis
386 2420 471 2475 vero
488 2394 680 2493 expeditior
703 2414 756 2470 est
773 2420 847 2488 res3
871 2398 998 2497 quippe
1023 2395 1081 2494 qui
1097 2396 1227 2472 deserte

225 2544 451 2606 memorantur
473 2547 494 2598 a
518 2523 650 2598 duobus
673 2522 818 2622 antiquis
843 2523 1090 2622 scriptoribus,
1124 2524 1233 2601 veluti
1331 2615 1333 2620 Ι

226 2653 323 2729 LXI.
347 2652 407 2725 sub
439 2649 569 2749 Orphei
598 2648 735 2736 nomine
761 2672 781 2720 a
810 2648 1045 2726 Demosthene
1074 2649 1170 2725 Orat
1199 2647 1233 2748 I.¹

227 2778 262 2853 in
289 2777 467 2877 Aristogit.
489 2804 525 2876 p.
552 2784 648 2869 4683
673 2773 712 2850 ἃ
734 2774 827 2848 LIX.
852 2773 912 2846 sub
938 2763 1148 2852 Onomacriti
1169 2797 1229 2848 no·

226 2902 316 2980 mine
341 2926 360 2974 a
381 2900 538 2977 Pausania
569 2903 688 2978 Boeot.
715 2925 772 2998 35.
822 2877 940 2998 Atque
969 2903 1086 2976 talibus
1112 2902 1230 2975 tantis·

226 3052 292 3130 que
317 3027 520 3126 argumentis
553 3026 732 3126 antiquitas
763 3030 982 3121 Hymnorum
1005 3028 1231 3125 Orphieomm

228 3155 277 3227 ita
304 3149 623 3237 demonstrata‘est,
650 3166 687 3221 ut
707 3148 813 3221 nullus
837 3148 1038 3225 dubitationi
1066 3150 1235 3224 locuste·

223 3277 329 3353 sistus
362 3272 527 3349 videatur.
575 3272 657 3346 Nec
687 3293 773 3365 eos,
810 3274 868 3371 qui
897 3271 1115 3366 dissentiant,
1141 3273 1242 3349 aliam

230 3403 333 3479 errori
364 3402 424 3476 suo
451 3401 609 3474 latebram
640 3396 843 3493 quaesituros
872 3400 1079 3499 opinamur,
1113 3401 1172 3478 nisa
1197 3421 1236 3476 ut

230 3526 321 3615 sorte
352 3523 494 3601 inaniter
522 3522 709 3625 argutando
738 3524 894 3625 fingant,
925 3544 1083 3611 ,vetustos
1122 3528 1236 3603 versus

233 3652 401 3749 Orphitos
421 3648 455 3723 in
474 3651 679 3726 recentiores
704 3653 834 3729 traduci
853 3652 1012 3750 potuisse.
1056 3656 1139 3728 Hoc
1158 3647 1236 3730 ioco

229 3799 298 3853 non
325 3774 495 3873 possumus
512 3774 724 3853 committere
748 3777 829 3873 quin
854 3802 1067 3871 moneamus,
1092 3805 1153 3854 nos
1179 3766 1241 3855 huss

186 3888 189 3899 ¹
224 3901 280 3998 jus
304 3899 530 3975 Bibliothecae
554 3901 828 3974 V01.1.P.111.
850 3925 887 3996 p.
909 3928 978 3995 94,
1009 3904 1118 3981 minus
1140 3907 1235 3983 reste

231 4021 427 4114 significasse
453 4041 600 4095 nostram
626 4020 850 4111 sententiam,
886 4050 989 4126 quum
1014 4030 1050 4102 in
1079 4032 1240 4105 relatione

234 4143 472 4223 analectorum
509 4146 710 4223 Criticorum
751 4149 945 4226 Schneideri
987 4152 1239 4248 scribebamus,

229 4277 450 4366 Argonautica
475 4277 655 4368 antiquiora
676 4273 742 4368 esse
762 4301 855 4365 qaam
887 4283 1027 4376 Hyarnar
1050 4280 1091 4361 ἐξ
1116 4286 1249 4397 canni.t
1361 4353 1362 4362 ἵ

231 4417 273 4465 aa
290 4397 325 4466 da
349 4398 546 4491 Lapidibur‚
571 4420 675 4493 quum
698 4394 745 4468 ita
762 4396 970 4481 scribendum
985 4406 1238 4502 fuissetstrgo.

230 4524 359 4590 nautica
369 4515 411 4600 &⁹
420 4521 558 4614 Hymnus
575 4524 765 4614 antiquiores
779 4521 844 4616 esse
853 4550 946 4619 quam
963 4535 1155 4606 Camiaada
1169 4535 1238 4605 La.

224 4643 362 4741 pidibas.
412 4641 479 4717 Sed
503 4668 567 4744 age
589 4645 762 4721 videamus
778 4649 1024 4730 correbiionum
1047 4655 1242 4755 specimina.-

276 4800 313 4872 P.
343 4819 424 4893 235·
457 4799 585 4895 Argon.
613 4823 704 4890 101,
741 4824 830 4879 roa:
868 4802 983 4879 ultima
1007 4774 1083 4882 vox.
1120 4787 1235 4877 aaran

226 4954 376 5011 mutatur
395 4934 431 5008 in
457 4912 541 5019 ipsi
573 4933 739 5013 rostram:

296 5137 366 5212 Kos
390 5164 431 5238 pr
454 5125 618 5230 ἂλητεῖης
640 5172 682 5223 τε
700 5126 763 5220 nai
781 5131 820 5252 ἔξ
842 5137 945 5250 aii-pu
966 5133 1093 5228 induar

293 5259 417 5379 Mirap
444 5265 587 5381 ἦμιτέρη
608 5268 669 5359 arai
695 5271 786 5386 i’ais
807 5267 909 5386 δέμον
932 5272 1065 5388 inepta
1094 5272 1192 5383 ἇμᾶι.

1087 5409 1127 5483 Ρ.
1143 5429 1224 5501 245.
