<?xml version="1.0" encoding="UTF-8"?>
<!DOCTYPE html PUBLIC "-//W3C//DTD XHTML 1.0 Transitional//EN"
    "http://www.w3.org/TR/xhtml1/DTD/xhtml1-transitional.dtd">
<html xmlns="http://www.w3.org/1999/xhtml" xml:lang="en" lang="en">
 <head>
  <title>
</title>
<meta http-equiv="Content-Type" content="text/html;charset=utf-8" />
  <meta name='ocr-system' content='tesseract 3.04.00' />
  <meta name='ocr-capabilities' content='ocr_page ocr_carea ocr_par ocr_line ocrx_word'/>
</head>
<body>
  <div class='ocr_page' id='page_1' title='image "./bibliotecacriti01wyttgoog_0264.png"; bbox 0 0 2900 7100; ppageno 0'>
   <div class='ocr_carea' id='block_1_1' title="bbox 485 1522 2589 1608">
    <p class='ocr_par' dir='ltr' id='par_1_1' title="bbox 485 1522 2589 1608">
     <span class='ocr_line' id='line_1_1' title="bbox 1437 1522 1802 1544; baseline 0 -18"><span class='ocrx_word' id='word_1_1' title='bbox 1437 1534 1448 1544; x_wconf 61' lang='lat'><strong>·</strong></span> <span class='ocrx_word' id='word_1_2' title='bbox 1794 1522 1802 1526; x_wconf 93' lang='lat'>.</span> 
     </span>
     <span class='ocr_line' id='line_1_2' title="bbox 971 1551 1322 1564; baseline 0 -6"><span class='ocrx_word' id='word_1_3' title='bbox 971 1559 976 1564; x_wconf 49' lang='lat'>⁵</span> <span class='ocrx_word' id='word_1_4' title='bbox 1313 1551 1322 1558; x_wconf 77' lang='grc' dir='ltr'>ι</span> 
     </span>
     <span class='ocr_line' id='line_1_3' title="bbox 485 1565 892 1578; baseline -0.005 0"><span class='ocrx_word' id='word_1_5' title='bbox 485 1571 490 1578; x_wconf 86' lang='grc' dir='ltr'>ι</span> <span class='ocrx_word' id='word_1_6' title='bbox 885 1565 892 1576; x_wconf 82' lang='grc' dir='ltr'>Ι</span> 
     </span>
     <span class='ocr_line' id='line_1_4' title="bbox 2580 1601 2589 1608; baseline 0 0"><span class='ocrx_word' id='word_1_7' title='bbox 2580 1601 2589 1608; x_wconf 72' lang='lat' dir='ltr'>n</span> 
     </span>
    </p>
   </div>
   <div class='ocr_carea' id='block_1_2' title="bbox 1968 1547 2013 1580">
    <p class='ocr_par' dir='ltr' id='par_1_2' title="bbox 1968 1547 2013 1580">
     <span class='ocr_line' id='line_1_5' title="bbox 1968 1547 2013 1580; baseline 0 0"><span class='ocrx_word' id='word_1_8' title='bbox 1968 1547 2013 1580; x_wconf 55' lang='grc' dir='ltr'>ἱ</span> 
     </span>
    </p>
   </div>
   <div class='ocr_carea' id='block_1_3' title="bbox 550 1677 2317 1835">
    <p class='ocr_par' dir='ltr' id='par_1_3' title="bbox 550 1677 2317 1835">
     <span class='ocr_line' id='line_1_6' title="bbox 550 1677 2317 1835; baseline 0 -19"><span class='ocrx_word' id='word_1_9' title='bbox 550 1762 690 1818; x_wconf 74' lang='lat'>122</span> <span class='ocrx_word' id='word_1_10' title='bbox 792 1677 1557 1835; x_wconf 57' lang='grc' dir='ltr'>ΚΕιΛΈΙοηΕὲ</span> <span class='ocrx_word' id='word_1_11' title='bbox 1618 1687 2317 1816; x_wconf 66' lang='grc' dir='ltr'>ΒΚΕΪἯοΗΕὲ.</span> 
     </span>
    </p>
   </div>
   <div class='ocr_carea' id='block_1_4' title="bbox 429 1910 2665 5479">
    <p class='ocr_par' dir='ltr' id='par_1_4' title="bbox 429 1910 2665 5479">
     <span class='ocr_line' id='line_1_7' title="bbox 535 1910 2541 2013; baseline -0.002 -22"><span class='ocrx_word' id='word_1_12' title='bbox 535 1914 970 2013; x_wconf 69' lang='lat' dir='ltr'>significamus</span> <span class='ocrx_word' id='word_1_13' title='bbox 987 1964 1009 2001; x_wconf 90' lang='lat'><strong>,</strong></span> <span class='ocrx_word' id='word_1_14' title='bbox 1028 1933 1173 1986; x_wconf 61' lang='lat' dir='ltr'>eam</span> <span class='ocrx_word' id='word_1_15' title='bbox 1191 1910 1380 1985; x_wconf 90' lang='lat' dir='ltr'>nobis</span> <span class='ocrx_word' id='word_1_16' title='bbox 1391 1910 1660 2008; x_wconf 87' lang='lat' dir='ltr'>probari</span> <span class='ocrx_word' id='word_1_17' title='bbox 1671 1965 1695 2001; x_wconf 92' lang='lat'><strong>,</strong></span> <span class='ocrx_word' id='word_1_18' title='bbox 1712 1933 1877 1985; x_wconf 86' lang='lat' dir='ltr'>cum-</span> <span class='ocrx_word' id='word_1_19' title='bbox 1888 1931 2117 2008; x_wconf 33' lang='lat' dir='ltr'>rerum,</span> <span class='ocrx_word' id='word_1_20' title='bbox 2145 1913 2541 1988; x_wconf 88' lang='lat' dir='ltr'>verborum-</span> 
     </span>
     <span class='ocr_line' id='line_1_8' title="bbox 541 2035 2539 2134; baseline 0.001 -23"><span class='ocrx_word' id='word_1_21' title='bbox 541 2061 672 2134; x_wconf 83' lang='lat' dir='ltr'>que</span> <span class='ocrx_word' id='word_1_22' title='bbox 702 2035 1250 2132; x_wconf 78' lang='lat' dir='ltr'><strong>interpretatione</strong></span> <span class='ocrx_word' id='word_1_23' title='bbox 1277 2036 1705 2134; x_wconf 73' lang='lat' dir='ltr'>diligenteet</span> <span class='ocrx_word' id='word_1_24' title='bbox 1737 2035 2102 2134; x_wconf 85' lang='lat' dir='ltr'>perspicua,</span> <span class='ocrx_word' id='word_1_25' title='bbox 2134 2056 2283 2111; x_wconf 88' lang='lat' dir='ltr'>tum</span> <span class='ocrx_word' id='word_1_26' title='bbox 2318 2037 2539 2112; x_wconf 85' lang='lat' dir='ltr'>obser-</span> 
     </span>
     <span class='ocr_line' id='line_1_9' title="bbox 539 2159 2549 2255; baseline -0.001 -16"><span class='ocrx_word' id='word_1_27' title='bbox 539 2163 810 2240; x_wconf 78' lang='lat' dir='ltr'>vatione</span> <span class='ocrx_word' id='word_1_28' title='bbox 825 2159 976 2232; x_wconf 89' lang='lat' dir='ltr'>viae</span> <span class='ocrx_word' id='word_1_29' title='bbox 997 2159 1289 2255; x_wconf 87' lang='lat' dir='ltr'>artisque</span> <span class='ocrx_word' id='word_1_30' title='bbox 1309 2160 1691 2236; x_wconf 86' lang='lat' dir='ltr'>disserendi.</span> <span class='ocrx_word' id='word_1_31' title='bbox 1746 2161 2023 2237; x_wconf 66' lang='lat' dir='ltr'>Gedik’ii</span> <span class='ocrx_word' id='word_1_32' title='bbox 2038 2162 2549 2254; x_wconf 71' lang='lat' dir='ltr'>animadversio-</span> 
     </span>
     <span class='ocr_line' id='line_1_10' title="bbox 529 2267 2555 2392; baseline -0.003 -29"><span class='ocrx_word' id='word_1_33' title='bbox 529 2311 654 2364; x_wconf 77' lang='lat' dir='ltr'>nes</span> <span class='ocrx_word' id='word_1_34' title='bbox 687 2287 774 2362; x_wconf 86' lang='lat' dir='ltr'>ad</span> <span class='ocrx_word' id='word_1_35' title='bbox 807 2288 1181 2392; x_wconf 82' lang='lat' dir='ltr'>Menonetn</span> <span class='ocrx_word' id='word_1_36' title='bbox 1219 2287 1560 2381; x_wconf 84' lang='lat' dir='ltr'>pertinent</span> <span class='ocrx_word' id='word_1_37' title='bbox 1581 2343 1603 2379; x_wconf 89' lang='lat'>‚</span> <span class='ocrx_word' id='word_1_38' title='bbox 1650 2305 1723 2359; x_wconf 92' lang='lat' dir='ltr'>et</span> <span class='ocrx_word' id='word_1_39' title='bbox 1750 2267 1999 2361; x_wconf 69' lang='lat' dir='ltr'>liabent</span> <span class='ocrx_word' id='word_1_40' title='bbox 2048 2287 2290 2365; x_wconf 87' lang='lat' dir='ltr'>indicia</span> <span class='ocrx_word' id='word_1_41' title='bbox 2328 2284 2555 2358; x_wconf 87' lang='lat' dir='ltr'>erudi-</span> 
     </span>
     <span class='ocr_line' id='line_1_11' title="bbox 521 2407 2557 2510; baseline -0.002 -23"><span class='ocrx_word' id='word_1_42' title='bbox 521 2412 744 2487; x_wconf 82' lang='lat' dir='ltr'>-tionis</span> <span class='ocrx_word' id='word_1_43' title='bbox 798 2410 976 2488; x_wconf 84' lang='lat' dir='ltr'>haud</span> <span class='ocrx_word' id='word_1_44' title='bbox 1027 2407 1322 2506; x_wconf 84' lang='lat' dir='ltr'>vulgaris</span> <span class='ocrx_word' id='word_1_45' title='bbox 1365 2409 1796 2510; x_wconf 85' lang='lat' dir='ltr'>accuratique</span> <span class='ocrx_word' id='word_1_46' title='bbox 1834 2411 2091 2508; x_wconf 76' lang='lat' dir='ltr'>Judicii.</span> <span class='ocrx_word' id='word_1_47' title='bbox 2188 2415 2272 2488; x_wconf 91' lang='lat' dir='ltr'>In</span> <span class='ocrx_word' id='word_1_48' title='bbox 2310 2409 2557 2484; x_wconf 85' lang='lat' dir='ltr'>eodem</span> 
     </span>
     <span class='ocr_line' id='line_1_12' title="bbox 519 2535 2553 2639; baseline -0.002 -23"><span class='ocrx_word' id='word_1_49' title='bbox 519 2563 824 2616; x_wconf 71' lang='lat' dir='ltr'>:numero</span> <span class='ocrx_word' id='word_1_50' title='bbox 857 2535 1165 2639; x_wconf 82' lang='lat' dir='ltr'>ponimus</span> <span class='ocrx_word' id='word_1_51' title='bbox 1203 2535 1583 2609; x_wconf 81' lang='lat' dir='ltr'>Gottleberi</span> <span class='ocrx_word' id='word_1_52' title='bbox 1639 2538 2104 2611; x_wconf 80' lang='lat' dir='ltr'>annotationes</span> <span class='ocrx_word' id='word_1_53' title='bbox 2144 2536 2227 2609; x_wconf 91' lang='lat' dir='ltr'>ad</span> <span class='ocrx_word' id='word_1_54' title='bbox 2265 2536 2553 2635; x_wconf 73' lang='lat' dir='ltr'>reliquos</span> 
     </span>
     <span class='ocr_line' id='line_1_13' title="bbox 429 2660 2545 2760; baseline -0.002 -20"><span class='ocrx_word' id='word_1_55' title='bbox 429 2699 434 2704; x_wconf 96' lang='lat'>·</span> <span class='ocrx_word' id='word_1_56' title='bbox 536 2665 884 2760; x_wconf 57' lang='lat' dir='ltr'>Dialogo&amp;</span> <span class='ocrx_word' id='word_1_57' title='bbox 984 2661 1374 2734; x_wconf 69' lang='lat' dir='ltr'>Schneideri</span> <span class='ocrx_word' id='word_1_58' title='bbox 1401 2680 1657 2753; x_wconf 83' lang='lat' dir='ltr'>paucae</span> <span class='ocrx_word' id='word_1_59' title='bbox 1704 2660 1878 2734; x_wconf 86' lang='lat' dir='ltr'>sunt.</span> <span class='ocrx_word' id='word_1_60' title='bbox 1950 2661 2244 2735; x_wconf 83' lang='lat' dir='ltr'>Biestero</span> <span class='ocrx_word' id='word_1_61' title='bbox 2272 2683 2545 2759; x_wconf 86' lang='lat' dir='ltr'>quoque</span> 
     </span>
     <span class='ocr_line' id='line_1_14' title="bbox 477 2779 1827 2880; baseline -0.007 -16"><span class='ocrx_word' id='word_1_62' title='bbox 477 2799 482 2804; x_wconf 84' lang='lat'>&#39;</span> <span class='ocrx_word' id='word_1_63' title='bbox 525 2789 675 2864; x_wconf 66' lang='lat' dir='ltr'>hus</span> <span class='ocrx_word' id='word_1_64' title='bbox 735 2785 1050 2880; x_wconf 75' lang='lat' dir='ltr'>elegantis</span> <span class='ocrx_word' id='word_1_65' title='bbox 1124 2779 1468 2856; x_wconf 61' lang='lat' dir='ltr'>doffrinae</span> <span class='ocrx_word' id='word_1_66' title='bbox 1518 2781 1827 2855; x_wconf 88' lang='lat' dir='ltr'>debetur.</span> 
     </span>
     <span class='ocr_line' id='line_1_15' title="bbox 640 2906 2558 3004; baseline -0.001 -21"><span class='ocrx_word' id='word_1_67' title='bbox 640 2910 770 2983; x_wconf 89' lang='lat' dir='ltr'>VI.</span> <span class='ocrx_word' id='word_1_68' title='bbox 822 2906 1096 3004; x_wconf 67' lang='lat' dir='ltr'>Vetsuclz</span> <span class='ocrx_word' id='word_1_69' title='bbox 1143 2912 1314 2980; x_wconf 82' lang='lat' dir='ltr'>einer</span> <span class='ocrx_word' id='word_1_70' title='bbox 1346 2910 1679 2998; x_wconf 73' lang='lat' dir='ltr'>Methode,</span> <span class='ocrx_word' id='word_1_71' title='bbox 1745 2912 1843 2982; x_wconf 79' lang='lat' dir='ltr'>die</span> <span class='ocrx_word' id='word_1_72' title='bbox 1892 2909 2381 2999; x_wconf 80' lang='lat' dir='ltr'>Vernunftlehre</span> <span class='ocrx_word' id='word_1_73' title='bbox 2426 2933 2558 2981; x_wconf 85' lang='lat' dir='ltr'>aus</span> 
     </span>
     <span class='ocr_line' id='line_1_16' title="bbox 521 3030 2563 3129; baseline -0.003 -18"><span class='ocrx_word' id='word_1_74' title='bbox 521 3030 976 3129; x_wconf 68' lang='lat' dir='ltr'>-Platonifchcn</span> <span class='ocrx_word' id='word_1_75' title='bbox 1037 3036 1342 3126; x_wconf 72' lang='lat' dir='ltr'>Dialogen</span> <span class='ocrx_word' id='word_1_76' title='bbox 1386 3055 1477 3106; x_wconf 82' lang='lat' dir='ltr'>zu</span> <span class='ocrx_word' id='word_1_77' title='bbox 1520 3039 1899 3110; x_wconf 54' lang='lat' dir='ltr'>entwifieln.</span> <span class='ocrx_word' id='word_1_78' title='bbox 1950 3081 2113 3096; x_wconf 82' lang='lat'>---</span> <span class='ocrx_word' id='word_1_79' title='bbox 2161 3031 2207 3107; x_wconf 88' lang='lat' dir='ltr'>i.</span> <span class='ocrx_word' id='word_1_80' title='bbox 2256 3054 2318 3106; x_wconf 86' lang='lat' dir='ltr'>e.</span> <span class='ocrx_word' id='word_1_81' title='bbox 2369 3033 2563 3106; x_wconf 84' lang='lat' dir='ltr'>Peri-</span> 
     </span>
     <span class='ocr_line' id='line_1_17' title="bbox 535 3149 2561 3256; baseline -0.003 -20"><span class='ocrx_word' id='word_1_82' title='bbox 535 3165 740 3236; x_wconf 77' lang='lat' dir='ltr'>culum</span> <span class='ocrx_word' id='word_1_83' title='bbox 791 3149 1242 3256; x_wconf 59' lang='lat' dir='ltr'>constituendae</span> <span class='ocrx_word' id='word_1_84' title='bbox 1291 3159 1625 3250; x_wconf 64' lang='lat' dir='ltr'>Methodi5</span> <span class='ocrx_word' id='word_1_85' title='bbox 1674 3185 1799 3256; x_wconf 78' lang='lat' dir='ltr'>qua</span> <span class='ocrx_word' id='word_1_86' title='bbox 1852 3160 2212 3234; x_wconf 57' lang='lat' dir='ltr'>Dialectica</span> <span class='ocrx_word' id='word_1_87' title='bbox 2268 3181 2349 3231; x_wconf 78' lang='lat' dir='ltr'>ex</span> <span class='ocrx_word' id='word_1_88' title='bbox 2396 3157 2561 3231; x_wconf 83' lang='lat' dir='ltr'>Pla-</span> 
     </span>
     <span class='ocr_line' id='line_1_18' title="bbox 535 3263 2665 3380; baseline -0.001 -17"><span class='ocrx_word' id='word_1_89' title='bbox 535 3292 764 3365; x_wconf 80' lang='lat' dir='ltr'>umicis</span> <span class='ocrx_word' id='word_1_90' title='bbox 808 3284 1106 3379; x_wconf 82' lang='lat' dir='ltr'>Dialogis</span> <span class='ocrx_word' id='word_1_91' title='bbox 1157 3287 1508 3380; x_wconf 79' lang='lat' dir='ltr'>explicetur</span> <span class='ocrx_word' id='word_1_92' title='bbox 1540 3303 1565 3355; x_wconf 90' lang='lat'>.·</span> <span class='ocrx_word' id='word_1_93' title='bbox 1630 3263 1874 3358; x_wconf 62' lang='lat' dir='ltr'>auclore</span> <span class='ocrx_word' id='word_1_94' title='bbox 1922 3284 2007 3377; x_wconf 82' lang='lat' dir='ltr'>J.</span> <span class='ocrx_word' id='word_1_95' title='bbox 2057 3281 2143 3376; x_wconf 83' lang='lat' dir='ltr'>J.</span> <span class='ocrx_word' id='word_1_96' title='bbox 2198 3285 2429 3378; x_wconf 72' lang='lat' dir='ltr'>Engol.</span> <span class='ocrx_word' id='word_1_97' title='bbox 2479 3291 2557 3364; x_wconf 87' lang='lat'>8.</span> <span class='ocrx_word' id='word_1_98' title='bbox 2651 3284 2665 3294; x_wconf 81' lang='grc'><em>’</em></span> 
     </span>
     <span class='ocr_line' id='line_1_19' title="bbox 535 3406 2557 3506; baseline -0.001 -24"><span class='ocrx_word' id='word_1_99' title='bbox 535 3415 839 3482; x_wconf 71' lang='lat' dir='ltr'>B‹.·1·0.-’1·›.-1·.</span> <span class='ocrx_word' id='word_1_100' title='bbox 905 3421 1111 3499; x_wconf 78' lang='lat'><em>1780.</em></span> <span class='ocrx_word' id='word_1_101' title='bbox 1211 3409 1507 3482; x_wconf 79' lang='lat' dir='ltr'>Libellus</span> <span class='ocrx_word' id='word_1_102' title='bbox 1571 3409 2048 3506; x_wconf 74' lang='lat' dir='ltr'>elegantissime</span> <span class='ocrx_word' id='word_1_103' title='bbox 2118 3406 2396 3504; x_wconf 81' lang='lat' dir='ltr'>scriptus</span> <span class='ocrx_word' id='word_1_104' title='bbox 2448 3432 2557 3481; x_wconf 89' lang='lat' dir='ltr'>re·</span> 
     </span>
     <span class='ocr_line' id='line_1_20' title="bbox 535 3531 2554 3631; baseline -0 -22"><span class='ocrx_word' id='word_1_105' title='bbox 535 3535 756 3609; x_wconf 82' lang='lat' dir='ltr'>fertur</span> <span class='ocrx_word' id='word_1_106' title='bbox 815 3532 896 3602; x_wconf 90' lang='lat' dir='ltr'>ad</span> <span class='ocrx_word' id='word_1_107' title='bbox 968 3531 1305 3604; x_wconf 73' lang='lat' dir='ltr'>consilium</span> <span class='ocrx_word' id='word_1_108' title='bbox 1367 3535 1877 3631; x_wconf 73' lang='lat' dir='ltr'>conjungendae</span> <span class='ocrx_word' id='word_1_109' title='bbox 1936 3560 2068 3608; x_wconf 88' lang='lat' dir='ltr'>una</span> <span class='ocrx_word' id='word_1_110' title='bbox 2138 3534 2554 3610; x_wconf 84' lang='lat' dir='ltr'>institutione</span> 
     </span>
     <span class='ocr_line' id='line_1_21' title="bbox 523 3653 2551 3753; baseline -0.002 -23"><span class='ocrx_word' id='word_1_111' title='bbox 523 3655 918 3752; x_wconf 83' lang='lat' dir='ltr'>disciplinae</span> <span class='ocrx_word' id='word_1_112' title='bbox 963 3653 1330 3745; x_wconf 79' lang='lat' dir='ltr'>linguarum</span> <span class='ocrx_word' id='word_1_113' title='bbox 1369 3677 1439 3724; x_wconf 81' lang='lat' dir='ltr'>et</span> <span class='ocrx_word' id='word_1_114' title='bbox 1499 3681 1736 3726; x_wconf 72' lang='lat' dir='ltr'>rernm.</span> <span class='ocrx_word' id='word_1_115' title='bbox 1843 3660 2038 3745; x_wconf 86' lang='lat' dir='ltr'>Nos,</span> <span class='ocrx_word' id='word_1_116' title='bbox 2104 3681 2180 3731; x_wconf 86' lang='lat' dir='ltr'>ut</span> <span class='ocrx_word' id='word_1_117' title='bbox 2223 3658 2551 3753; x_wconf 83' lang='lat' dir='ltr'>ejusmodi</span> 
     </span>
     <span class='ocr_line' id='line_1_22' title="bbox 534 3776 2556 3878; baseline 0 -25"><span class='ocrx_word' id='word_1_118' title='bbox 534 3782 973 3878; x_wconf 81' lang='lat' dir='ltr'>Dialogorum</span> <span class='ocrx_word' id='word_1_119' title='bbox 1040 3776 1661 3873; x_wconf 74' lang='lat' dir='ltr'>interpretationem</span> <span class='ocrx_word' id='word_1_120' title='bbox 1706 3779 2059 3870; x_wconf 70' lang='lat' dir='ltr'>plurimum</span> <span class='ocrx_word' id='word_1_121' title='bbox 2116 3785 2335 3852; x_wconf 64' lang='lat' dir='ltr'>valere</span> <span class='ocrx_word' id='word_1_122' title='bbox 2371 3785 2556 3875; x_wconf 82' lang='lat' dir='ltr'>judi-</span> 
     </span>
     <span class='ocr_line' id='line_1_23' title="bbox 513 3900 2552 3998; baseline -0.003 -16"><span class='ocrx_word' id='word_1_123' title='bbox 513 3930 763 3983; x_wconf 83' lang='lat' dir='ltr'>·camus</span> <span class='ocrx_word' id='word_1_124' title='bbox 804 3905 886 3977; x_wconf 84' lang='lat' dir='ltr'>ad</span> <span class='ocrx_word' id='word_1_125' title='bbox 919 3905 1106 3978; x_wconf 88' lang='lat' dir='ltr'>usum</span> <span class='ocrx_word' id='word_1_126' title='bbox 1139 3900 1671 3995; x_wconf 80' lang='lat' dir='ltr'>exercitiumque</span> <span class='ocrx_word' id='word_1_127' title='bbox 1712 3903 2120 3976; x_wconf 68' lang='lat' dir='ltr'>Dialecticae</span> <span class='ocrx_word' id='word_1_128' title='bbox 2170 3904 2552 3998; x_wconf 70' lang='lat' dir='ltr'>facultatiS‚</span> 
     </span>
     <span class='ocr_line' id='line_1_24' title="bbox 535 4028 2552 4121; baseline -0.001 -12"><span class='ocrx_word' id='word_1_129' title='bbox 535 4035 634 4110; x_wconf 89' lang='lat' dir='ltr'>ita</span> <span class='ocrx_word' id='word_1_130' title='bbox 662 4058 807 4106; x_wconf 87' lang='lat' dir='ltr'>earn</span> <span class='ocrx_word' id='word_1_131' title='bbox 845 4056 981 4105; x_wconf 92' lang='lat' dir='ltr'>non</span> <span class='ocrx_word' id='word_1_132' title='bbox 1026 4029 1176 4102; x_wconf 87' lang='lat' dir='ltr'>satis</span> <span class='ocrx_word' id='word_1_133' title='bbox 1209 4028 1434 4099; x_wconf 85' lang='lat' dir='ltr'>valere</span> <span class='ocrx_word' id='word_1_134' title='bbox 1476 4045 1787 4121; x_wconf 86' lang='lat' dir='ltr'>putamus</span> <span class='ocrx_word' id='word_1_135' title='bbox 1833 4031 1946 4101; x_wconf 83' lang='lat' dir='ltr'>vel</span> <span class='ocrx_word' id='word_1_136' title='bbox 1991 4030 2073 4102; x_wconf 89' lang='lat' dir='ltr'>ad</span> <span class='ocrx_word' id='word_1_137' title='bbox 2106 4030 2552 4107; x_wconf 68' lang='lat' dir='ltr'>Dialthicam</span> 
     </span>
     <span class='ocr_line' id='line_1_25' title="bbox 536 4130 2552 4246; baseline 0.001 -15"><span class='ocrx_word' id='word_1_138' title='bbox 536 4150 650 4232; x_wconf 68' lang='lat' dir='ltr'>&#39;vel</span> <span class='ocrx_word' id='word_1_139' title='bbox 679 4157 760 4229; x_wconf 90' lang='lat' dir='ltr'>ad</span> <span class='ocrx_word' id='word_1_140' title='bbox 804 4130 1126 4224; x_wconf 76' lang='lat' dir='ltr'>Graecam</span> <span class='ocrx_word' id='word_1_141' title='bbox 1155 4151 1445 4246; x_wconf 84' lang='lat' dir='ltr'>linguam</span> <span class='ocrx_word' id='word_1_142' title='bbox 1491 4151 1998 4244; x_wconf 72' lang='lat' dir='ltr'>addiscendam,</span> <span class='ocrx_word' id='word_1_143' title='bbox 2049 4156 2165 4228; x_wconf 80' lang='lat' dir='ltr'>nist</span> <span class='ocrx_word' id='word_1_144' title='bbox 2214 4156 2260 4229; x_wconf 84' lang='lat' dir='ltr'>fi</span> <span class='ocrx_word' id='word_1_145' title='bbox 2315 4158 2552 4235; x_wconf 87' lang='lat' dir='ltr'>harum</span> 
     </span>
     <span class='ocr_line' id='line_1_26' title="bbox 517 4273 2551 4377; baseline 0.004 -29"><span class='ocrx_word' id='word_1_146' title='bbox 517 4274 884 4376; x_wconf 70' lang='lat' dir='ltr'>peculiaris</span> <span class='ocrx_word' id='word_1_147' title='bbox 942 4273 1271 4348; x_wconf 88' lang='lat' dir='ltr'>institutio</span> <span class='ocrx_word' id='word_1_148' title='bbox 1331 4277 1785 4375; x_wconf 86' lang='lat' dir='ltr'>praecesserit.</span> <span class='ocrx_word' id='word_1_149' title='bbox 1909 4282 1999 4354; x_wconf 88' lang='lat' dir='ltr'>Et</span> <span class='ocrx_word' id='word_1_150' title='bbox 2052 4282 2233 4377; x_wconf 88' lang='lat' dir='ltr'>quod</span> <span class='ocrx_word' id='word_1_151' title='bbox 2284 4281 2367 4354; x_wconf 86' lang='lat' dir='ltr'>ad</span> <span class='ocrx_word' id='word_1_152' title='bbox 2428 4282 2551 4357; x_wconf 88' lang='lat' dir='ltr'>lin-</span> 
     </span>
     <span class='ocr_line' id='line_1_27' title="bbox 532 4402 2553 4504; baseline 0.002 -27"><span class='ocrx_word' id='word_1_153' title='bbox 532 4426 734 4504; x_wconf 84' lang='lat' dir='ltr'>guam</span> <span class='ocrx_word' id='word_1_154' title='bbox 786 4402 1073 4491; x_wconf 88' lang='lat' dir='ltr'>attinet,</span> <span class='ocrx_word' id='word_1_155' title='bbox 1122 4402 1271 4475; x_wconf 87' lang='lat' dir='ltr'>satis</span> <span class='ocrx_word' id='word_1_156' title='bbox 1317 4404 1455 4500; x_wconf 78' lang='lat' dir='ltr'>ipse</span> <span class='ocrx_word' id='word_1_157' title='bbox 1490 4405 1825 4501; x_wconf 77' lang='lat' dir='ltr'>pexspexit</span> <span class='ocrx_word' id='word_1_158' title='bbox 1876 4406 2176 4496; x_wconf 69' lang='grc' dir='ltr'>Λιιὲὶοῐ,</span> <span class='ocrx_word' id='word_1_159' title='bbox 2219 4409 2553 4502; x_wconf 88' lang='lat' dir='ltr'>juvenum</span> 
     </span>
     <span class='ocr_line' id='line_1_28' title="bbox 515 4528 2551 4630; baseline -0.002 -20"><span class='ocrx_word' id='word_1_160' title='bbox 515 4532 803 4630; x_wconf 60' lang='lat' dir='ltr'>ingenia</span> <span class='ocrx_word' id='word_1_161' title='bbox 830 4528 1092 4603; x_wconf 83' lang='lat' dir='ltr'>distrahi</span> <span class='ocrx_word' id='word_1_162' title='bbox 1123 4528 1299 4602; x_wconf 83' lang='lat' dir='ltr'>inter</span> <span class='ocrx_word' id='word_1_163' title='bbox 1330 4532 1538 4603; x_wconf 90' lang='lat' dir='ltr'>verba</span> <span class='ocrx_word' id='word_1_164' title='bbox 1583 4549 1654 4602; x_wconf 90' lang='lat' dir='ltr'>et</span> <span class='ocrx_word' id='word_1_165' title='bbox 1687 4552 1832 4619; x_wconf 59' lang='grc' dir='ltr'>τρε,</span> <span class='ocrx_word' id='word_1_166' title='bbox 1888 4530 2002 4603; x_wconf 74' lang='lat' dir='ltr'>nisi</span> <span class='ocrx_word' id='word_1_167' title='bbox 2054 4530 2233 4626; x_wconf 87' lang='lat' dir='ltr'>prius</span> <span class='ocrx_word' id='word_1_168' title='bbox 2282 4533 2551 4629; x_wconf 88' lang='lat' dir='ltr'>Dialogi</span> 
     </span>
     <span class='ocr_line' id='line_1_29' title="bbox 538 4655 2550 4745; baseline -0.003 -13"><span class='ocrx_word' id='word_1_169' title='bbox 538 4658 913 4732; x_wconf 82' lang='lat' dir='ltr'>orationem</span> <span class='ocrx_word' id='word_1_170' title='bbox 961 4658 1285 4731; x_wconf 84' lang='lat' dir='ltr'>Graecam</span> <span class='ocrx_word' id='word_1_171' title='bbox 1326 4676 1640 4731; x_wconf 88' lang='lat' dir='ltr'>accurate</span> <span class='ocrx_word' id='word_1_172' title='bbox 1676 4655 2162 4745; x_wconf 46' lang='lat' dir='ltr'>inmas-erint,</span> <span class='ocrx_word' id='word_1_173' title='bbox 2214 4675 2329 4727; x_wconf 89' lang='lat' dir='ltr'>aut</span> <span class='ocrx_word' id='word_1_174' title='bbox 2382 4658 2550 4729; x_wconf 90' lang='lat' dir='ltr'>Ger-</span> 
     </span>
     <span class='ocr_line' id='line_1_30' title="bbox 536 4781 2548 4876; baseline -0.003 -16"><span class='ocrx_word' id='word_1_175' title='bbox 536 4786 799 4859; x_wconf 87' lang='lat' dir='ltr'>manice</span> <span class='ocrx_word' id='word_1_176' title='bbox 844 4783 1197 4857; x_wconf 81' lang='lat' dir='ltr'>verterint.</span> <span class='ocrx_word' id='word_1_177' title='bbox 1296 4782 1668 4855; x_wconf 72' lang='lat' dir='ltr'>Dialeffica</span> <span class='ocrx_word' id='word_1_178' title='bbox 1697 4804 1863 4854; x_wconf 82' lang='lat' dir='ltr'>vero</span> <span class='ocrx_word' id='word_1_179' title='bbox 1913 4781 2380 4876; x_wconf 86' lang='lat' dir='ltr'>interpretatio</span> <span class='ocrx_word' id='word_1_180' title='bbox 2431 4804 2548 4853; x_wconf 90' lang='lat' dir='ltr'>ne·</span> 
     </span>
     <span class='ocr_line' id='line_1_31' title="bbox 533 4904 2542 5004; baseline -0.002 -23"><span class='ocrx_word' id='word_1_181' title='bbox 533 4912 718 4984; x_wconf 86' lang='lat' dir='ltr'>cesse</span> <span class='ocrx_word' id='word_1_182' title='bbox 752 4933 857 4985; x_wconf 87' lang='lat' dir='ltr'>est</span> <span class='ocrx_word' id='word_1_183' title='bbox 888 4912 1067 4982; x_wconf 85' lang='lat' dir='ltr'>lente</span> <span class='ocrx_word' id='word_1_184' title='bbox 1112 4930 1191 4979; x_wconf 89' lang='lat' dir='ltr'>ac</span> <span class='ocrx_word' id='word_1_185' title='bbox 1227 4904 1582 4979; x_wconf 81' lang='lat' dir='ltr'>difficulter</span> <span class='ocrx_word' id='word_1_186' title='bbox 1619 4907 1938 5000; x_wconf 86' lang='lat' dir='ltr'>procedat</span> <span class='ocrx_word' id='word_1_187' title='bbox 1962 4961 1985 4996; x_wconf 91' lang='lat'>,</span> <span class='ocrx_word' id='word_1_188' title='bbox 2026 4907 2143 4979; x_wconf 87' lang='lat' dir='ltr'>nifi</span> <span class='ocrx_word' id='word_1_189' title='bbox 2172 4905 2542 5004; x_wconf 88' lang='lat' dir='ltr'>praeparati</span> 
     </span>
     <span class='ocr_line' id='line_1_32' title="bbox 533 5029 2543 5130; baseline -0.001 -26"><span class='ocrx_word' id='word_1_190' title='bbox 533 5029 663 5104; x_wconf 77' lang='lat' dir='ltr'>{int</span> <span class='ocrx_word' id='word_1_191' title='bbox 720 5035 1051 5107; x_wconf 84' lang='lat' dir='ltr'>discentes</span> <span class='ocrx_word' id='word_1_192' title='bbox 1101 5032 1307 5129; x_wconf 86' lang='lat' dir='ltr'>aliqua</span> <span class='ocrx_word' id='word_1_193' title='bbox 1345 5089 1366 5122; x_wconf 92' lang='lat'>,</span> <span class='ocrx_word' id='word_1_194' title='bbox 1435 5029 1736 5105; x_wconf 87' lang='lat' dir='ltr'>universa</span> <span class='ocrx_word' id='word_1_195' title='bbox 1777 5031 2020 5111; x_wconf 73' lang='lat' dir='ltr'>,saltem</span> <span class='ocrx_word' id='word_1_196' title='bbox 2059 5088 2079 5121; x_wconf 92' lang='lat'>‚</span> <span class='ocrx_word' id='word_1_197' title='bbox 2157 5030 2543 5130; x_wconf 85' lang='lat' dir='ltr'>cognitione</span> 
     </span>
     <span class='ocr_line' id='line_1_33' title="bbox 541 5155 2541 5246; baseline 0 -18"><span class='ocrx_word' id='word_1_198' title='bbox 541 5155 856 5228; x_wconf 83' lang='lat' dir='ltr'>materiae</span> <span class='ocrx_word' id='word_1_199' title='bbox 890 5157 1338 5246; x_wconf 68' lang='lat' dir='ltr'>Dialefficae,</span> <span class='ocrx_word' id='word_1_200' title='bbox 1388 5157 1603 5230; x_wconf 76' lang='lat' dir='ltr'>veluti</span> <span class='ocrx_word' id='word_1_201' title='bbox 1631 5156 2231 5244; x_wconf 85' lang='lat' dir='ltr'>Enunciationum,</span> <span class='ocrx_word' id='word_1_202' title='bbox 2281 5155 2541 5229; x_wconf 88' lang='lat' dir='ltr'>Notio·</span> 
     </span>
     <span class='ocr_line' id='line_1_34' title="bbox 525 5279 2541 5382; baseline -0.003 -25"><span class='ocrx_word' id='word_1_203' title='bbox 525 5288 703 5364; x_wconf 85' lang='lat' dir='ltr'>-num&#39;</span> <span class='ocrx_word' id='word_1_204' title='bbox 738 5334 760 5372; x_wconf 90' lang='lat'><strong>,</strong></span> <span class='ocrx_word' id='word_1_205' title='bbox 828 5279 1319 5357; x_wconf 80' lang='lat' dir='ltr'>Definitionum</span> <span class='ocrx_word' id='word_1_206' title='bbox 1349 5336 1378 5376; x_wconf 93' lang='lat'><em>,</em></span> <span class='ocrx_word' id='word_1_207' title='bbox 1444 5282 1866 5358; x_wconf 70' lang='lat' dir='ltr'>Divisionum</span> <span class='ocrx_word' id='word_1_208' title='bbox 1902 5338 1924 5373; x_wconf 88' lang='lat'>,</span> <span class='ocrx_word' id='word_1_209' title='bbox 1994 5281 2541 5382; x_wconf 82' lang='lat' dir='ltr'>Argumentatio-</span> 
     </span>
     <span class='ocr_line' id='line_1_35' title="bbox 2350 5424 2538 5479; baseline 0.011 -2"><span class='ocrx_word' id='word_1_210' title='bbox 2350 5424 2538 5479; x_wconf 88' lang='lat' dir='ltr'>num.</span> 
     </span>
    </p>
   </div>
  </div>
 </body>
</html>
