2900 7100
284 1699 359 1807 'nx
387 1728 516 1804 nnn.
540 1726 763 1804 Mosen.
790 1751 844 1805 n
868 1727 1122 1814 nnun'crr.
1169 1744 1218 1833 σς

202 1906 412 1985 cahmitated
429 1901 523 1994 suas,
548 1899 747 1999 injuriasque
769 1901 925 1999 aJasone
945 1905 1077 2002 illatas.
1092 1912 1126 1986 ei
1145 1937 1215 1989 nat-

198 2054 276 2110 rat:
301 2048 422 2127 rogat,
446 2047 487 2102 ut
512 2027 545 2101 se
562 2024 696 2098 exulem
726 2026 872 2102 Athenis
904 2028 1085 2126 suscipiat:
1122 2047 1214 2131 rpem
1311 2095 1313 2102 .

193 2161 236 2242 ,ei
263 2155 411 2235 ostendit
437 2150 669 2250 suscipiendae
691 2149 805 2247 prolis.
868 2152 947 2226 Hac
975 2152 1035 2253 spe
1055 2155 1214 2231 indultus

196 2288 340 2383 Aegeus
356 2277 480 2376 recipit
500 2272 651 2352 Medeae
666 2272 757 2368 quod
769 2272 880 2368 petil,
905 2277 1041 2373 ejusque
1050 2279 1142 2374 jussu
1160 2303 1211 2352 re-

194 2404 440 2503 ligiasustmarn
453 2395 645 2473 sacrameto
669 2395 771 2470 fidem
787 2395 919 2491 adjicit,
943 2399 977 2474 se
994 2402 1153 2479 Medeam
1168 2407 1210 2479 ab

205 2529 302 2605 unni
322 2526 487 2605 vitutum
507 2521 762 2624 praestiturum,¹
788 2519 812 2590 st
829 2522 980 2598 Creontis
997 2546 1055 2601 aut
1074 2529 1211 2604 alioruin

198 2653 359 2733 sateffites
373 2673 448 2725 eam
472 2647 617 2726 Athenis
633 2663 828 2743 repeterent
848 2663 951 2740 atque
969 2652 1133 2724 abducere
1154 2678 1211 2727 co·

202 2796 372 2884 narentun
428 2773 497 2850 Hir
519 2771 706 2862 molestis,
731 2771 868 2863 Aegeus
897 2770 1102 2850 Troezenen
1133 2775 1213 2850 abit

206 2874 300 2978 Turn
326 2923 408 2978 vero
445 2900 577 2978 Medea
603 2897 729 2999 gaudio
752 2892 944 2984 exsultans,
970 2900 1129 2996 opinione
1155 2903 1212 2977 sua

198 3025 383 3104 nindidlarn
397 3024 581 3124 praecipit:
607 3017 811 3118 triumphat,
835 3017 971 3115 portum
987 3025 1047 3099 srbi
1070 3028 1209 3124 aperiri,

205 3152 371 3224 malonrrn
397 3151 530 3228 consilia
551 3166 623 3221 rata
644 3143 866 3241 instruslaqt're
901 3144 999 3236 esse,
1030 3145 1211 3247 eorur'nque
1353 3227 1356 3234 ,

206 3274 354 3348 rationes
377 3273 518 3371 exponit
547 3264 667 3347 Choro.
727 3266 925 3360 Arcessam,
957 3269 1086 3368 inquit,
1121 3273 1211 3370 Jaso·

201 3409 311 3491 nem,
343 3398 440 3495 eique
466 3397 611 3470 blandis·
633 3396 747 3475 verbis
786 3395 981 3487 affirmabo,-
1014 3407 1070 3471 rn'e
1101 3396 1211 3473 omnia

207 3526 284 3622 ejus
299 3522 386 3599 faeta
401 3521 439 3598 dt
458 3542 564 3595 novas
584 3521 715 3617 nuptias
733 3522 894 3619 probare3·
926 3520 992 3597 hoc
1010 3543 1113 3598 unum
1131 3543 1212 3601 'ora-

206 3654 275 3744 bo,
298 3669 338 3725 ut
353 3650 471 3725 liberos
490 3664 622 3720 nostros
644 3645 714 3741 ipse
738 3649 826 3743 apud
851 3647 885 3722 se
910 3651 1066 3726 retineat.
1122 3642 1214 3731 Noh

202 3777 337 3877 quidem
352 3801 440 3876 ego,
467 3792 584 3846 utens
604 3771 761 3846 hostibus
778 3774 918 3850 ludibrio
932 3775 1129 3875 relinquam,
1154 3773 1212 3850 sed

204 3899 246 3977 u't
266 3903 378 3979 hostes
398 3902 465 3998 ipsa
481 3892 654 3975 meos'hac
668 3894 786 3972 fraude
800 3901 946 3998 perdam.
996 3882 1210 3980 Narn‘vesti

205 4043 282 4102 turn
311 4025 444 4123 sponsae
476 4045 536 4120 per
564 4024 683 4098 liberos
711 4048 806 4101 nrcos
841 4028 1000 4118 mittam,
1033 4040 1209 4105 uteorum

205 4130 343 4227 exilum
366 4158 495 4250 apa'tre
517 4149 733 4248 deprecetur.
759 4149 843 4240 illa,
857 4156 957 4247 quunr
980 4158 1141 4230 vestitum
1162 4154 1211 4227 in‘·

207 4276 346 4367 doerit,
379 4275 419 4353 δι
443 4275 512 4371 ipsa
534 4276 699 4354 continuo
719 4272 845 4372 peribit
858 4305 876 4364 ‚·
903 4274 942 4352 dt
968 4282 1113 4380 quisquis
1138 4293 1211 4358 enni

209 4399 376 4491 tetigerit.
444 4405 541 4472 Turn
573 4422 661 4469 vero
688 4400 822 4492 impium
852 4407 1129 4477 committendum
1161 4420 1214 4477 ert

206 4522 347 4598 scelus:
394 4517 515 4590 liberos
541 4519 762 4611 interficiam
794 4527 841 4598 ita
866 4524 981 4602 suadet
1018 4524 1212 4598 necessitasn

205 4647 342 4721 Frustra
378 4669 452 4720 earn
500 4647 542 4721 ab
577 4643 644 4719 hoc
681 4651 850 4746 propusrto
890 4653 1086 4725 dehortatur
1126 4652 1212 4722 Cho·

206 4793 285 4859 rus,
311 4769 407 4863 cujus
430 4770 654 4848 suavissimum
677 4771 883 4875 subsequitur
906 4779 1009 4852 melos
1031 4777 1073 4850 ad
1103 4774 1215 4849 laudea

205 4896 416 4972 Athenarum
446 4899 676 4993 composnunr.

263 5013 312 5090 V
339 5026 433 5110 681,
453 5024 513 5097 ubi
529 5024 659 5099 Medea
675 5026 718 5100 ex
744 5029 870 5121 Aegeo
889 5028 1027 5122 quaerit
1029 5026 1148 5129 ”quid
1182 5025 1220 5096 ei

208 5118 338 5240 Apollo
363 5143 578 5238 responderim

282 5301 497 5435 ’Θέἤιςὲ
472 5314 613 5421 ανημιῖς
631 5306 780 5428 χςηςμὲν
814 5309 927 5398 εἰδέναι
948 5320 1051 5402 θεοῦ·
1013 5361 1055 5414 υς
1215 5312 1221 5325 ’

712 5443 744 5516 Ε
1089 5433 1214 5509 Brunc·
