2900 7100
318 1710 1075 1820 Rehnnorunsnnnvrouns,
1151 1749 1274 1832 „9-

207 1895 297 1975 misr.
349 1890 514 1969 Proxima
533 1887 634 1987 hujus
657 1889 893 1971 Bibliothecae
908 1916 1006 1993 parte
1020 1929 1047 1993 ,·
1062 1908 1228 2002 peculiari

207 2024 256 2100 de
277 2044 322 2097 eo
347 2017 490 2095 censura
513 2038 736 2114 exponemus.
1093 2120 1096 2124 1
1214 2103 1219 2124 ¹

259 2151 328 2227 VI.
354 2149 436 2224 Hac
450 2142 633 2220 mentione
647 2144 855 2240 scholiastae
870 2149 1047 2246 Apollonii
1063 2154 1225 2255 invitari,
1273 2183 1289 2202 “

205 2299 280 2355 non
301 2273 480 2375 possumus
503 2268 623 2346 facere
636 2321 650 2360 ,
683 2268 766 2366 quin
794 2295 874 2345 cum
898 2275 1018 2356 harum
1045 2280 1225 2380 literanum

211 2400 407 2478 amantibus
422 2396 580 2478 notitiam
603 2396 898 2472 communicemus
919 2421 1033 2475 nouae
1060 2408 1224 2488 editionis

211 2526 404 2624 Apollodori,
426 2522 472 2596 'ad
494 2544 591 2621 quam
618 2519 709 2596 illius
728 2523 940 2596 Scholiastae
957 2501 1226 2620 subsidioutitur

209 2650 372 2753 Heynius
383 2700 400 2743 ,
429 2649 684 2747 vir.,egregius.
751 2645 867 2739 Hujus
895 2647 1069 2736 editionis.
1097 2657 1225 2753 aliquot

208 2776 386 2874 paginae,
416 2797 487 2851 uon
519 2772 588 2848 fine
623 2767 913 2864 chalcographica
955 2797 1148 2854 venustate,
1167 2806 1227 2876 ex,

208 2900 376 3000 prerlae,
408 2899 450 2974 ad
484 2922 548 2974 nos
583 2886 722 2973 delatae
748 2893 863 2969 sunt.
900 2900 1224 2986 Anirnadversrones

206 3024 250 3104 ad
273 3025 404 3100 calcem
427 3020 666 3119 subjicientur:
692 3021 820 3119 quibus
843 3021 982 3119 quidem
1005 3027 1149 3130 multum
1170 3032 1221 3108 lu.

213 3149 264 3224 cis
285 3148 326 3223 δι
345 3148 499 3220 medelae
524 3145 747 3240 Apollodoro
757 3145 888 3240 facium
911 3145 952 3221 iri
968 3145 1223 3249 exspedisnrus,

208 3298 287 3349 curn
313 3296 332 3345 a
355 3271 541 3367 praestanti
566 3270 717 3345 dodirina
742 3273 808 3347 viri
838 3271 878 3344 dc
910 3272 949 3344 in
979 3270 1106 3368 prunis:
1124 3274 1223 3355 fabu-

206 3398 284 3472 laris
308 3397 477 3471 historiae
498 3395 661 3484 lcientia,
685 3414 759 3473 tum
787 3423 808 3480 a
831 3396 928 3490 libris
950 3397 1090 3497 scriptis
1112 3398 1221 3500 iisque

212 3521 252 3600 δι
278 3517 452 3599 multis&
477 3520 583 3599 bonis.
944 3505 948 3517 ’
1107 3620 1110 3627 .
1205 3537 1208 3542 '

258 3667 342 3741 Vll.
375 3671 739 3762 ΠΕΝΥΑΛΟΓΙΑ,
771 3663 837 3754 five
857 3665 1098 3762 Tragoediurom
1120 3668 1218 3743 Gros-

207 3819 311 3870 corron
337 3790 507 3868 Deleom:
543 3815 611 3865 cum
638 3793 837 3865 adnotatione
863 3793 918 3887 Jo.
951 3797 1084 3870 Borlon.
1113 3797 1218 3870 Editio

207 3925 318 3996 altera.
370 3921 425 3989 Cui
446 3916 703 4015 obstructione,
735 3916 926 4016 Indicosque
952 3918 1107 4004 Graecum
1130 3923 1220 4017 longo
1301 3965 1323 3995 -.

208 4053 371 4123 notiorem
402 4040 444 4127 {9⁰
472 4042 711 4115 ostendatiorsm
743 4044 857 4138 adjecit
886 4046 1016 4119 Thomas
1052 4049 1219 4141 Burgsss,

206 4181 248 4259 A,
283 4178 322 4251 B.
362 4174 382 4245 l.
415 4173 450 4243 C.
479 4171 510 4245 C.
552 4167 586 4240 C.
642 4162 732 4240 Tomi
753 4169 803 4249 Π.
831 4180 864 4250 8.
915 4174 1050 4260 Gnosii,
1078 4172 1218 4269 Etypo·

208 4303 320 4396 groph.
355 4298 535 4369 clarendon.
571 4314 675 4388 1779.
735 4294 881 4374 Fabulae
906 4298 1002 4394 sunt,
1036 4298 1219 4398 Sophoclis

214 4441 357 4516 uterque
374 4419 529 4514 Oedipus
551 4414 590 4491 ἃ
617 4419 820 4521 Antigone,
854 4425 1028 4518 Euripidis
1055 4426 1218 4500 Phoenis-

208 4550 293 4639 sae,
320 4543 482 4642 Aeschyli
518 4545 652 4642 Septem
674 4550 715 4623 ad
754 4549 789 4618 T
792 4547 905 4619 hebas.
967 4548 1117 4631 Editor,
1152 4543 1223 4617 eles

205 4673 321 4774 gantis
343 4669 520 4748 doetrinae
539 4671 697 4769 juvenis,
730 4696 873 4770 operam
895 4673 931 4751 in
959 4672 1012 4747 his
1035 4668 1218 4766 tragoediis

207 4800 346 4875 navavit
369 4799 514 4873 minime
543 4801 838 4874 contemnendam.
899 4799 1068 4884 Primum,
1096 4799 1219 4875 Obser-

204 4923 513 5001 vationes-addidit
534 4927 735 5025 paginarum
764 4951 851 5017 142,
878 4928 912 5001 in
940 4922 1059 5024 quibus
1078 4908 1116 5002 ὅὶ
1135 4953 1218 5006 con·

200 5047 361 5149 jedlurae
383 5052 544 5146 quaedam
569 5056 666 5147 sunt,
697 5056 735 5128 dt
760 5052 887 5125 indicia
912 5051 1064 5149 ingenii,
1089 5057 1217 5134 dolini-

207 5197 297 5268 nae,
327 5175 368 5251 ἃ
394 5174 554 5254 scientiae
578 5183 717 5278 linguae
743 5179 924 5274 Graecae,
965 5182 1001 5256 in
1028 5182 1147 5279 primis
1173 5195 1216 5243 ex

203 5300 439 5410 Tragicorum
468 5307 619 5386 lelliune
655 5300 787 5381 duciae.
846 5305 983 5385 Reiskii
1016 5304 1164 5497 quidest?b
1179 5289 1218 5365 &
1325 5377 1330 5387 ,

651 5431 689 5509 H
712 5455 736 5526 4
1166 5440 1218 5497 te·
