2900 7100
134 1501 136 1506 .
1197 1493 1200 1502 ι

683 1529 686 1537 ι

219 1781 228 1796 ’
287 1781 362 1854 ¹130
436 1746 1190 1854 RELATIONEsuussvtonnu
1283 1755 1291 1768 '

288 1929 355 2004 Rei
380 1924 553 2023 Equestris
581 1924 620 2001 dt
643 1920 832 2002 Veneticae
852 1923 1045 2019 illustratio,
1073 1945 1215 2027 propter
1235 1949 1293 2022 an,

286 2055 370 2152 tiqui
390 2052 491 2127 moris
508 2051 548 2129 dt
569 2047 1020 2149 verborumobscuritatem,
1079 2052 1148 2150 §ed
1179 2070 1294 2147 tamen

147 2240 151 2251 .
288 2177 436 2269 Zeunius
459 2177 524 2271 iis,
554 2202 640 2278 quae
664 2178 810 2266 tabuit,
833 2171 979 2256 subfidiis
998 2196 1190 2279 opportune
1212 2180 1291 2278 usur

284 2323 357 2395 est,
381 2304 491 2392 veluti
515 2304 809 2405 Lexicographit,
834 2304 1090 2408 Grammaticis,
1120 2304 1168 2400 dt,
1181 2306 1293 2407 simili.-

285 2432 357 2507 bus.
408 2428 566 2543 Denique
588 2431 742 2509 laudabili
759 2428 897 2532 consilio
916 2429 1070 2533 Iudicem
1090 2432 1293 2533 Gratuita&

282 2554 417 2653 adjecit.
1125 2621 1132 2630 .

330 2684 451 2786 xvu,
494 2668 858 2766 ΞΕΝΟΦΩΝΤΟΣ
887 2656 986 2775 Kv'tv
1008 2658 1194 2776 raddo,
1231 2657 1294 2763 ψ’,

281 2800 521 2901 βλιαὲκτωῑ·
547 2809 773 2924 recensuit&
802 2817 977 2911 explicavit
1005 2817 1068 2907 Jo.
1098 2817 1173 2894 car.
1206 2816 1290 2893 Zau·

281 2934 372 3029 nius,
396 2936 489 3033 Prof.
514 2939 570 3029 Gr,
595 2927 681 3010 leiti.
705 2934 827 3016 Vitreb.
852 2947 888 3021 8.
911 2935 1172 3036 Lipstae.1780.
1208 2944 1289 3041 ῌιις

271 3067 328 3165 jus
350 3060 424 3138 libri
449 3060 602 3136 editione
623 3056 794 3157 aliquanto
819 3064 915 3162 plus,
938 3086 1038 3163 quam
1059 3064 1286 3164 superiorum,

273 3189 399 3288 operae
424 3183 623 3287 praestitum
649 3202 716 3259 ert.
772 3188 820 3265 Et
846 3213 933 3277 veto
953 3175 1057 3290 'plora
1086 3190 1289 3292 sphffliaad

272 3313 542 3408 constituendam
573 3311 756 3406 ledlionem
791 3316 909 3410 habuit
954 3316 1115 3415 Zeuoius.
1172 3319 1288 3428 Nam,

252 3461 405 3540 *praeter
421 3435 535 3538 copias
552 3435 742 3536 editionum
757 3435 966 3540 superiorum
983 3443 1131 3517 omnium
1143 3442 1201 3541 ,in
1218 3440 1287 3539 pri·

271 3569 335 3662 mis
362 3563 700 3655 Hutchinsonianae,
732 3564 886 3640 codicem
914 3567 1074 3667 scriptum
1094 3594 1139 3648 ex
1171 3567 1288 3653 butio,

275 3693 375 3792 theca
402 3688 668 3799 ¹Guelselrbytana
695 3689 822 3783 nasius¹
836 3709 900 3764 est.
961 3695 1074 3799 Quem
1104 3693 1287 3799 codicem,

271 3844 351 3898 curn
374 3815 523 3896 Zeuoius
547 3813 615 3909 ait,
641 3815 777 3914 optimis
791 3814 989 3894 leslionibus
1010 3821 1173 3894 refertum
1194 3820 1285 3909 esse,

268 3947 336 4044 hoc
371 3945 536 4040 ejusmodi
569 3962 647 4018 est:
682 3964 722 4018 ut
749 3945 945 4042 plerumque
975 3967 1054 4019 cum
1088 3942 1288 4031 ledlionibus

270 4069 480 4157 melioribus,
505 4067 687 4164 quaesunt
709 4073 764 4145 vel
780 4071 815 4145 in
831 4069 980 4168 margine
1002 4065 1165 4168 Stephani
1187 4086 1286 4145 nota·

271 4219 348 4288 tae,
363 4199 419 4272 vel
438 4198 473 4271 in
501 4194 663 4292 Philelphi
689 4196 843 4272 versione
867 4194 1058 4292 expressae,
1083 4195 1140 4268 vel
1163 4192 1287 4287 inalin

269 4323 357 4403 libris
380 4322 562 4420 proditae,
596 4320 803 4412 consentiat,
827 4339 950 4418 easque
972 4316 1060 4391 adeo
1080 4316 1138 4393 sua
1161 4317 1285 4409 confir·

269 4469 341 4526 met
362 4445 582 4523 auetoritate:
607 4467 676 4519 non
699 4466 738 4519 ut
760 4445 850 4542 ipse,
875 4441 968 4542 quod
987 4466 1049 4519 uos
1069 4442 1208 4543 quidem
1222 4466 1283 4519 co·

268 4576 517 4675 gaulterium,
551 4572 586 4647 in
622 4571 703 4648 locis
726 4569 937 4668 desperatis,
970 4568 1029 4646 ubi
1063 4554 1183 4668 reliqui
1207 4567 1284 4662 libri

267 4702 313 4776 nil
347 4700 506 4775 adserunt
543 4697 700 4791 subsidii,
732 4719 857 4774 novam
896 4696 1042 4796 aliquam
1080 4695 1132 4772 δι’
1151 4712 1281 4781 certam

261 4825 407 4920 praestet
424 4822 634 4899 medicinam.
686 4827 871 4912 Ceterum,
892 4821 957 4896 hac
977 4821 1143 4898 variarum
1162 4819 1280 4901 tetrior

266 4972 347 5023 num
370 4947 463 5044 sylva
485 4948 664 5049 diligenter
686 4947 841 5024 usus-est
864 4949 1013 5036 Editor3
1037 4962 1078 5018 ut
1104 4944 1143 5022 in
1162 4968 1278 5030 earum

259 5073 389 5175 judicio
414 5073 453 5150 dt
480 5076 631 5152 locorum
659 5073 843 5152 difficilium
868 5068 1096 5172 explicatione
1123 5070 1278 5169 sequerer

262 5223 318 5278 rur
340 5200 600 5278 Grammaticam
625 5200 871 5297 subtilitatem,
895 5198 1137 5297 adhiberetque
1169 5198 1277 5278 scien·

172 5376 174 5383 ·
262 5327 344 5406 tiam
366 5325 507 5441 Atticae
531 5323 689 5404 daiam
716 5327 758 5409 dr
790 5328 1043 5413 cousuetudirir
1065 5323 1276 5426 Xenophon·

712 5506 714 5511 .
1177 5464 1255 5524 reae
1280 5486 1283 5493 ·
