2900 7100
313 1711 687 1809 urrrrrouss
718 1705 1063 1811 susurnam
1123 1744 1225 1832 ιιι

216 1891 365 1986 uersatus
387 1913 458 1999 est,
470 1888 635 2004 peregrini
650 1891 745 1992 sunt,
765 1885 866 1976 laelio
883 1886 954 1979 libri
975 1909 1212 2004 commendans

215 2035 258 2134 da
287 2052 357 2125 est,
394 2033 517 2131 quippe
539 2028 597 2126 qui
624 2026 794 2102 materiam
820 2028 958 2121 praebet
983 2034 1210 2134 Philosophiae

215 2159 258 2233 ad
281 2156 405 2257 ingenii
432 2154 565 2229 humani
589 2154 735 2230 rationes
769 2174 810 2225 ac
837 2150 977 2225 latebras
1005 2162 1209 2253 aperiundas,

219 2285 305 2358 Sunt
332 2303 464 2379 quoque
499 2279 690 2379 frequentes
717 2273 934 2366 notationes,
968 2276 1086 2372 quibus
1117 2287 1210 2362 vitae

218 2427 393 2500 moresque
417 2405 812 2492 adumbrantur-eorum,
827 2420 904 2472 cum
924 2401 1043 2494 quibus
1071 2408 1125 2481 vel
1138 2408 1212 2505 ipsc

220 2529 288 2606 fuir
312 2529 367 2603 vel
385 2535 447 2628 'per
464 2528 575 2604 literas
594 2526 677 2625 egit.
726 2527 808 2627 Quo
824 2525 860 2599 in
874 2523 949 2602 loco
972 2551 993 2603 e
1009 2527 1213 2606 nostratibus

221 2643 459 2754 reperiuntui‚
499 2649 795 2743 Hemsterhusrus,
837 2652 882 2726 A.
903 2650 1146 2744 Schulteusrus,
1181 2655 1218 2751 Jr'

223 2780 357 2859 Illberti
374 2836 385 2873 ,
410 2781 616 2851 Burmannus
633 2830 644 2867 ,
675 2776 973 2875 Haverkampius,
1003 2778 1218 2869 Dorvillius,

223 2908 382 2995 Albinus,
408 2903 490 2974 Abr.
517 2900 731 2988 Gronovius,
755 2899 965 2992 Bemardus‚
996 2902 1218 2995 Abreschius,

225 3032 297 3105 alii:
334 3030 376 3100 de
406 3026 524 3121 quibus
554 3022 613 3095 nisr
637 3042 717 3093 vera
744 3020 854 3094 omnia
885 3022 1051 3118 prodidit,
1087 3044 1219 3117 tamen,

224 3152 305 3253 quid
324 3144 507 3249 prodiderit
529 3139 569 3216 dt
596 3143 765 3239 quomodo
793 3144 948 3237 senserit,
979 3147 1095 3245 legisse
1118 3150 1217 3245 juva·

226 3276 291 3353 bit.
340 3273 457 3348 Habet
482 3268 565 3341 item
594 3268 677 3346 haec
708 3295 785 3370 pars
814 3270 1161 3346 commemorationem
1184 3271 1222 3346 ll·

226 3402 363 3480 brorum
385 3418 406 3469 a
433 3393 574 3470 Reiskio
601 3394 817 3493 scriptorum,
841 3414 910 3471 tam
935 3396 1101 3496 editorum
1123 3421 1223 3497 quam

227 3526 441 3606 ineditorum.
478 3520 594 3595 Altera
612 3541 824 3617 pars,eaque
844 3522 943 3621 longe
957 3523 1116 3612 maxima,
1139 3522 1220 3598 inde
1264 3520 1266 3523 ’

230 3678 251 3729 a
272 3679 307 3749 p.
333 3658 412 3745 183.
434 3647 477 3723 ad
499 3648 601 3720 linem
622 3646 695 3720 libri
721 3648 954 3745 compleblitur
982 3645 1146 3743 Epistulas
1170 3648 1223 3723 vi·

229 3800 342 3852 rorum
370 3772 544 3850 dubiorum
560 3771 602 3846 ad
625 3771 822 3867 Reislrium‚
838 3775 1010 3871 plerasque
1032 3772 1224 3870 frequentes

231 3897 513 3983 observationibus
545 3895 874 3971 &comestionibus
911 3918 1065 3975 vetemm
1093 3899 1224 3977 Audiu-

232 4043 328 4110 rum3
353 4036 391 4091 ut
420 4040 520 4092 nemo
541 4017 638 4092 facile
661 4041 717 4092 eas
738 4017 907 4115 negligere
924 4022 1026 4115 possit
1048 4040 1224 4097 accuratae

233 4144 274 4222 dr
298 4141 434 4220 criticae
448 4144 617 4220 doetrinae
635 4140 804 4219 studiosus.
853 4144 967 4220 Nobis
990 4146 1056 4220 hoc
1080 4147 1156 4222 lucu
1178 4149 1226 4224 sa·

234 4270 281 4375 ris
302 4287 355 4342 est
378 4267 511 4345 numina
529 4269 737 4367 Scriptorum
756 4269 916 4347 retulisse.
965 4272 1052 4348 Sturt
1069 4297 1151 4373 ergo
1173 4275 1226 4352 hi:

235 4392 455 4481 Abreschius,
481 4395 670 4486 Gesnerus,
693 4393 869 4485 Kreblius,
896 4394 1066 4490 oefelius,
1089 4403 1228 4477 Dorvil-

235 4518 319 4606 lius,
343 4513 541 4607 Reimarus,
577 4518 613 4590 T
613 4517 758 4610 rillerus,
792 4515 1065 4611 Wetnsdorfius,
1089 4526 1228 4602 Wesse.
1258 4512 1281 4609 ‘¹

232 4642 377 4741 lingius,
402 4638 441 4716 dc
467 4641 520 4730 is,
548 4643 641 4737 cujus
663 4643 823 4739 plurimae
852 4640 1121 4745 doerissmaeque
1151 4624 1227 4723 sunt
1304 4740 1310 4751 Ι

233 4767 404 4866 Epistulae
413 4817 427 4855 ,
452 4767 506 4861 Jo.
524 4766 640 4862 Steph.
656 4768 860 4858 nemardus,
885 4765 938 4841 vir
955 4771 1084 4846 Graece
1104 4771 1226 4847 dubiis·

234 4898 352 4984 fimus,
377 4891 699 4966 Amstelaedamcnsrs
721 4895 886 4988 quondam
909 4894 1079 4970 Medicus.
1132 4899 1228 5005 Qun·

234 5044 310 5095 rum
338 5034 450 5092 autern
473 5019 528 5093 vel
555 5015 730 5113 singulares
752 5016 827 5093 sunt
858 5019 912 5095 vel
941 5019 1113 5118 pauciores
1145 5022 1226 5123 Epi·

236 5140 358 5230 stolae,
380 5139 441 5216 hos
461 5143 659 5238 reperimus:
699 5142 745 5218 A.
773 5141 813 5218 dr
843 5147 875 5244 J.
911 5149 942 5244 J.
973 5143 1226 5239 Schultcnfios,

174 5332 176 5337 .
238 5262 322 5344 Nic.
338 5265 427 5342 Guil.
443 5265 704 5360 sclnoederum,
728 5269 996 5368 Schoepflioun,
1016 5273 1097 5348 Ger.
1111 5273 1230 5344 Meer·

1055 5415 1230 5494 manuum,
