2900 7100
196 1759 208 1796 ,
333 1698 1106 1783 mnnmonnrnrnnscnnm.
1156 1730 1204 1804 49

183 1903 406 1981 'dt-finimus:
445 1875 489 1982 cie
528 1883 797 1993 Airerprratirp
830 1904 963 2002 quidem
999 1899 1197 1993 dubitamus.

184 2049 300 2121 'Loco
328 2048 399 2144 ejus
431 2045 521 2142 quod
546 2045 720 2142 vulgatum
747 2063 800 2119 est
834 2022 1037 2131 Ἀντέρωτι,
1069 2046 1196 2143 quidsi
1311 2009 1330 2103 ⁰-

181 2175 188 2286 ξ
202 2161 397 2274 Ἀντερὸντι
422 2184 592 2257 [υἰιῖὴοε
612 2185 700 2255 enim
721 2180 856 2255 nomine
872 2178 1022 2252 laudatur
1036 2182 1194 2261 Anaxan.

202 2304 316 2377 dridae
333 2304 443 2377 fabula
462 2307 640 2377 Athenaeo
657 2301 758 2378 XIV.
776 2328 810 2399 p.
833 2308 915 2392 654.
939 2305 977 2376 Β.
1116 2323 1125 2340 “

250 2425 337 2514 Sed,
360 2445 441 2524 age,
460 2425 638 2524 specimina
663 2424 947 2524 interpretationis
969 2443 1192 2522 proponamus

199 2569 255 2629 ex,
269 2551 519 2626 Commentario
541 2550 696 2626 Editoris.

249 2674 308 2750 Ad
329 2673 460 2776 Fragm.
489 2681 515 2752 i.
532 2677 587 2751 lin.
605 2701 639 2770 5.
690 2707 714 2770 3,
740 2678 892 2777 Delphos
907 2678 1029 2769 abibis,
1054 2678 1134 2752 eali
1155 2697 1228 2752 ιε’

196 2852 224 2897 ,,
247 2824 325 2877 cura
352 2805 508 2894 mordet,
541 2803 667 2877 Phoebi
698 2806 830 2878 oracula
851 2802 1070 2894 sciscitatum,
1095 2802 1191 2899 quid⁴

197 2976 223 3017 „
250 2949 326 3001 nam
361 2909 501 3019 Ziihprt,
522 2926 574 3002 isti
592 2980 605 3018 ,
644 2951 688 3002 ex
719 2929 840 3026 quibus
875 2931 1059 3012 Comoedia
1091 2931 1191 3027 hujus

192 3054 323 3142 „anni
350 3053 446 3126 naiia
478 3074 530 3127 est
564 3077 696 3129 nomen.
748 3053 882 3128 Vereor
910 3057 1026 3147 enirn,
1058 3079 1188 3133 nenos

196 3174 446 3274 „Anticyram
473 3178 630 3273 navigare
653 3177 791 3272 jubeas,
825 3176 923 3272 siqui
939 3202 1008 3252 non
1035 3162 1064 3250 ἔν.
1086 3168 1189 3266 ’ὅλμῳ

175 3347 216 3393 ·„
242 3292 471 3396 ἐκοιμήθημεν,
505 3310 643 3384 definire
658 3310 692 3383 id
714 3311 904 3385 audeamus.
955 3312 1006 3386 At
1026 3307 1187 3409 quidquid

187 3484 214 3550 ‚,
239 3430 305 3521 srt,
339 3454 462 3503 novam
487 3432 587 3505 habes
611 3454 713 3530 atque
744 3436 905 3511 hactenus
936 3413 1085 3532 ignotam
1119 3437 1186 3511 Cod

187 3607 216 3648 „
241 3555 417 3632 moediam.
456 3556 546 3660 Quid
569 3560 620 3632 iiia
637 3583 720 3635 vero
739 3539 801 3629 ἐπὶ
831 3558 911 3633 Πυ.
927 3537 978 3639 st?
1011 3564 1183 3660 Legamne
1265 3628 1268 3632 .

185 3739 213 3776 „
238 3668 444 3782 Πυθοδῶρυ,
494 3717 535 3766 an
582 3673 764 3783 Πυρᾗῖονος.
854 3668 947 3772 Nam
983 3682 1182 3792 IluVs'atpr‘stt

181 3883 207 3922 „
232 3831 288 3906 Ol.
313 3828 487 3919 LXXXI,
522 3854 560 3924 3,
586 3826 625 3902 ἅ
648 3813 775 3898 Πυθέαν
801 3832 857 3903 Ol.
889 3833 955 3912 CI,
985 3855 1022 3913 1,
1049 3829 1177 3928 eponyss

182 4012 206 4048 „
230 3981 304 4031 mos
319 3956 398 4027 hinc
413 3951 552 4026 nimium
575 3949 692 4020 distare
706 3954 857 4026 arbitror.
909 3953 1103 4050 Pyrrionem
1121 3955 1177 4032 OI
1276 4010 1281 4020 .

180 4133 205 4172 „
231 4077 418 4163 XCVIII,
456 4063 507 4163 1,
543 4070 751 4148 Archontern
775 4075 879 4148 refert
907 4076 1079 4152 Diodorus
1106 4079 1175 4154 Sic.

178 4258 202 4296 „
228 4202 337 4292 XIV,
363 4223 442 4296 107.
493 4199 703 4295 Pythodoros
730 4201 814 4276 duos
830 4201 980 4293 reperio,
1007 4202 1171 4300 quoshue

176 4382 203 4422 „
227 4325 352 4400 referre
378 4328 501 4422 postis,
526 4329 665 4398 aiterum
697 4328 752 4400 Ol.
783 4328 1013 4418 LXXXVII,
1039 4350 1169 4426 epony·

166 4485 201 4550 ·„
224 4475 334 4526 mum:
361 4453 500 4521 alterum
525 4451 579 4521 Ol.
601 4451 742 4534 XCIV,
770 4473 811 4532 r,
836 4451 1045 4525 Archontem
1066 4450 1167 4523 fuisse
1270 4518 1280 4537 ,
1334 4434 1339 4441 ’

177 4631 203 4668 ,,
228 4593 412 4647 memorant
435 4570 626 4667 Xenophon
650 4568 816 4667 &Lysias
837 4555 915 4674 (ἓλ.
934 4573 989 4662 11,
1016 4598 1048 4667 3.
1068 4576 1164 4646 Orat.

173 4759 199 4794 ‚‚
223 4701 267 4774 de
299 4702 397 4773 Sacra
428 4695 538 4793 Oliv.)
570 4694 720 4789 quamvis
745 4694 800 4771 hic
825 4719 929 4771 armus
962 4721 982 4769 a
1009 4697 1164 4772 Diodoro

171 4883 196 4922 „
222 4826 356 4922 aliisque
387 4824 568 4899 Atarrhias
593 4822 728 4894 nomine
753 4820 965 4919 defignetur,
993 4821 1087 4916 cujus
1114 4820 1163 4933 rei
1282 4861 1304 4909 ·.

172 5011 197 5051 „
224 4956 351 5030 caussas
375 4949 465 5024 dabit
488 4947 664 5035 Corfinus,
690 4947 1000 5029 1⁴·asontrha.'’
1355 5043 1359 5049 .

222 5079 308 5153 Ibid.
338 5077 394 5153 lin.
426 5101 460 5167 9.
508 5071 684 5163 „Comici
711 5086 842 5149 'nomen
873 5073 929 5149 hic
959 5074 1073 5154 latet:
1118 5101 1161 5163 an
1310 5104 1339 5177 ᾖ

170 5182 351 5283 Εὔπολίς,
383 5203 499 5279 nobilis
530 5197 731 5274 Comoediae
760 5200 893 5295 poeta?
930 5199 1057 5278 Floruit
1087 5201 1163 5277 sane

130 5400 134 5409 .
221 5325 292 5429 Vol.
309 5327 360 5406 II.
378 5329 462 5404 Pars
479 5329 548 5405 III.
738 5330 774 5403 D
1102 5336 1164 5418 per
