2900 7100
262 1727 574 1817 nocrnuunn.
599 1731 734 1810 niun
759 1727 840 1807 cn.
861 1729 931 1809 tr
945 1727 1084 1808 nom
1128 1729 1202 1827 εον
1253 1677 1262 1722 ‘

218 1915 341 1992 Thaier
355 1910 534 1987 inducebat
548 1907 618 1984 vim
635 1924 832 1982 moventem
847 1903 952 2003 perse
967 1901 1212 2001 suborientem,

216 2065 314 2140 quam
336 2037 491 2114 Animam
515 2034 652 2109 vocasse
671 2032 826 2107 videtur:
860 2021 1211 2108 Arnxinanderiduo

216 2150 396 2241 contrarias
413 2164 502 2237 vires
520 2161 644 2236 Caiotir
670 2157 710 2235 δι
726 2157 892 2256 frigoris,
917 2153 1003 2230 iliam
1018 2177 1039 2228 e
1053 2159 1118 2251 qui
1139 2163 1214 2233 orn'·

217 2292 272 2367 nia
296 2291 488 2378 orirentur,
522 2285 608 2359 hanc
640 2284 675 2358 in
696 2307 795 2383 quarn
818 2280 1044 2357 solverentur:
1076 2307 1141 2358 nec
1168 2285 1211 2360 ab

216 2439 261 2489 eo
284 2411 463 2488 dissensisse
483 2412 619 2488 videtur
642 2408 879 2484 Anaximenes.
929 2406 1075 2501 Thales,
1104 2410 1214 2483 omnir

220 2541 296 2618 Diir
318 2540 436 2638 plena,
465 2560 548 2636 quoe
569 2556 661 2609 orror
686 2532 776 2623 esst,
806 2533 1057 2608 Anaximander
1077 2533 1215 2607 eosdem
1319 2575 1324 2586 ‚

218 2666 371 2741 mortales
379 2664 496 2753 etiarn,
503 2659 756 2763 pronunciabat.
779 2660 1081 2756 ThalesMundum
1090 2656 1216 2732 animi·

216 2812 290 2867 tum
299 2791 479 2883 statuebat,
492 2790 712 2883 Animumque
728 2785 829 2883 ipsum
839 2786 986 2861 vimnon
1001 2786 1058 2863 nist
1075 2805 1216 2894 moueu·
1246 2847 1250 2885 z

216 2935 288 2990 tem
307 2912 361 3016 (p)
380 2912 418 2991 ἃ
434 2938 506 2990 eam
522 2911 913 3012 per‚omnia,hominer‚
936 2915 1053 3001 bruta,
1069 2912 1216 3008 plantae,
1281 2897 1291 2914 ⁸

219 3041 362 3139 lapides,
383 3040 515 3114 fusam:
549 3036 796 3113 Anaximander
819 3037 859 3111 ἅ
884 3035 1112 3113 Anaximenes
1136 3033 1217 3134 quid
1339 3052 1345 3063 '

185 3209 187 3215 ·
220 3167 264 3239 de
287 3164 410 3239 Animi
434 3162 607 3252 senserint,
631 3187 698 3238 non
721 3162 848 3238 constat
872 3162 951 3265 (q).
1002 3161 1136 3238 Talium
1158 3159 1221 3260 igi

223 3311 281 3365 tur
294 3287 486 3387 opinionum
503 3284 655 3362 auuore's
676 3290 714 3366 dr
739 3283 899 3389 patronoe
922 3286 966 3366 ad
987 3281 1216 3388 cognitionem

223 3391 301 3491 Dei¹
325 3411 546 3510 sapientiriimi
575 3433 615 3485 ec
641 3413 890 3509 potentisiimi,
922 3411 1070 3491 omnium
1105 3439 1215 3492 return

223 3538 380 3617 creatoris
405 3562 446 3612 ac
469 3537 702 3630 moderatoris,
722 3536 790 3616 non
812 3540 1020 3641 pervenisse,
1038 3541 1136 3621 facile
1163 3564 1217 3620 est
1318 3570 1323 3579 ·

222 3663 264 3738 ad
277 3662 529 3740 existimandum
541 3662 604 3765 (r).
628 3664 837 3766 Pherecydes
851 3666 895 3744 de
909 3668 986 3744 Diis
1008 3668 1128 3747 eodem
1144 3666 1218 3741 fere

1052 3793 1059 3807 “
1113 3788 1218 3866 modo

223 3977 389 4051 cogitatione
408 3977 542 4052 privavit,
560 3977 641 4050 eique
662 3979 744 4037 solam
770 3979 825 4037 vim
849 3978 979 4040 moverrdi
1003 3983 1120 4057 reliquit.
1144 3984 1218 4039 Nm

224 4082 261 4135 ab
274 4077 307 4130 ei
326 4075 417 4132 omnia
434 4070 600 4140 animab&
618 4074 746 4135 mundum
761 4074 870 4150 plenum
885 4079 1009 4137 Deorum
1021 4081 1097 4148 erse,
1108 4080 1217 4137 iiatuit:

227 4171 282 4229 vid.
299 4169 420 4231 Aristot
442 4170 477 4230 de
493 4170 587 4233 Anim.
606 4174 636 4237 1.
656 4187 700 4244 53
724 4174 771 4247 qui
788 4190 851 4235 eum
867 4175 949 4238 etiam
965 4172 994 4234 in
1017 4174 1049 4234 iis
1066 4168 1218 4253 ponimou'i

222 4269 325 4328 animae
340 4281 461 4330 naturam
481 4269 566 4330 tribus
584 4268 764 4335 definiverunt
776 4275 931 4334 attributis:
954 4266 1074 4348 κινήσει,
1083 4265 1218 4358 αἰσθήσει,

224 4358 390 4445 &eume
412 4371 499 4430 ibi
526 4382 554 4426 e.
585 4369 733 4440 Ceterum,
755 4370 828 4432 hunc
849 4371 939 4433 locum
956 4375 1009 4432 ube
1010 4379 1066 4432 rius
1088 4370 1160 4443 dt
1139 4392 1218 4443 recu

226 4465 309 4523 rarius
339 4464 463 4525 traiiauit
494 4464 721 4538 Tiedemannus,
747 4471 793 4531 De
815 4470 913 4529 Primis
935 4472 1033 4531 Graec
1063 4473 1164 4535 ebrios.
1189 4491 1219 4550 p.

229 4567 303 4633 1³⁶·
326 4559 379 4636 seq

251 4653 316 4738 (r)
339 4658 432 4722 ueeoe
481 4659 636 4730 Nilenim
659 4660 734 4741 quod
756 4660 999 4736 orneoscopos,
1022 4664 1162 4743 proditum
1183 4664 1219 4729 de

138 4750 141 4755 ’
226 4772 321 4816 eorum
336 4755 475 4820 sententii.
500 4757 636 4820 Videntur
654 4773 760 4834 temen,
769 4773 816 4820 aut
831 4762 886 4835 nii,
896 4781 1066 4842 autpatum,
1075 4764 1218 4827 aTbeiete

223 4851 383 4921 dirsenfirse.
431 4858 502 4919 Nam
519 4858 670 4934 Scriptores
687 4862 809 4939 antiqui,
834 4872 865 4922 ut
879 4860 937 4925 fere
957 4863 1091 4932 aiiorum,
1115 4863 1152 4924 ita
1167 4862 1218 4925 bt>

223 4970 304 5024 rum,
329 4969 362 5014 ea
388 4957 532 5033 praecipue
552 4970 736 5019 memorarunt
763 4957 882 5035 piacita,
915 4962 1013 5041 quibua
1039 4978 1055 5020 a
1085 4962 1219 5043 magistris

223 5048 409 5115 dissenserunt.

274 5145 316 5223 (r)
339 5152 407 5213 Non
423 5150 483 5213 satis
497 5149 608 5215 definite
622 5154 840 5233 pronunciatum
889 5159 981 5221 Deum
1002 5178 1019 5220 a
1035 5161 1218 5225 nimitum

226 5242 428 5320 disiunxerunt,
454 5265 507 5309 nec
527 5261 617 5313 tamen
642 5253 796 5315 ustione&
828 5257 1027 5335 gubernatione
1050 5258 1217 5351 spoliarunt:

226 5342 280 5404 boc
304 5341 331 5405 &
354 5361 390 5408 er
423 5347 610 5424 antiquiriimis
636 5352 821 5429 scriptoribus
844 5356 1003 5436 colligitur,
1034 5374 1086 5418 uec
1116 5330 1220 5430 iiiiii

1156 5467 1218 5512 cun
