2900 7100
233 1781 242 1798 ·
360 1740 1081 1844 commansionem
1186 1758 1228 1833 32
1358 1723 1361 1728 ’

239 1924 336 1995 Parte
364 1918 506 1995 semndd
533 1918 631 2017 hujus
653 1914 871 2006 Voluminis,
902 1895 1092 1990 incensum
1124 1910 1229 2009 Apol·

240 2046 329 2123 lonii.
469 2025 471 2033 Ι

285 2170 370 2245 Illud
391 2171 534 2244 reticere
558 2192 626 2245 non
650 2165 843 2266 possumus,
869 2161 1004 2240 omnino
1026 2166 1229 2246 Bruntkium
1314 2247 1320 2256 ,

234 2319 363 2393 operae
384 2297 530 2391 pretium
558 2293 675 2367 fecisse
700 2292 763 2366 hac
794 2291 968 2383 editione,
1004 2293 1069 2389 qud
1099 2293 1228 2367 Comici

237 2418 380 2491 Fabulae
403 2419 450 2494 ita
474 2417 694 2506 exhibentur,
718 2435 756 2490 ut
778 2414 888 2489 multis
905 2417 1052 2514 partibus
1076 2418 1228 2512 emenda·

236 2540 338 2616 tiores
353 2540 416 2617 lint
432 2543 471 2620 ἃ
485 2545 555 2643 jam
572 2542 699 2618 facilius
723 2541 860 2637 intelligi
884 2539 1025 2636 possint:
1049 2540 1139 2637 quod
1154 2540 1227 2637 ‘qui-

235 2658 313 2741 dem
328 2668 447 2765 triplici
476 2669 619 2744 maxime
647 2668 776 2741 ratione
800 2664 959 2739 effedlum
986 2684 1055 2756 est,
1079 2665 1145 2764 qud
1166 2677 1229 2740 tu·

230 2791 284 2885 jus
308 2787 463 2865 editionis
489 2793 618 2868 laudem
645 2790 837 2865 censemus:
860 2791 988 2887 primal,
1020 2791 1227 2888 proferendis

232 2916 421 2992 melioribus
450 2916 673 3003 lectionibus,
705 2917 875 3015 magisque
906 2918 1164 2990 accommodatis
1186 2918 1227 2990 ad

231 3038 415 3118 sententiae
444 3040 640 3115 veritatem:
665 3040 828 3125 secunda,
854 3037 1093 3132 distinguendis
1117 3043 1229 3134 perso·
1310 3129 1314 3140 Ι

216 3164 309 3237 mia:
342 3162 471 3253 tertia,
508 3161 740 3240 constituendd
775 3179 869 3256 parte
901 3161 1049 3235 metrici.
1111 3170 1227 3261 Atque

179 3291 181 3296 '
233 3286 284 3360 his
318 3286 422 3360 tribus
450 3288 631 3364 rationibus
654 3287 795 3361 multum
818 3287 898 3361 lucis
922 3312 963 3361 ac
985 3286 1131 3362 medelae
1155 3288 1230 3360 alla·
1262 3327 1265 3332 ·

235 3432 308 3488 tum
335 3431 388 3487 est
415 3435 483 3488 non
507 3411 609 3488 modo
627 3410 759 3505 reliquis
784 3412 934 3505 Fabulis,
964 3435 1050 3508 quae
1077 3413 1226 3488 nondum

233 3540 404 3641 separatim
426 3539 536 3616 editae
556 3536 755 3638 peculiarem
779 3536 948 3635 praecipui
974 3537 1089 3615 Critici
1114 3562 1226 3642 curam

230 3687 391 3766 expertae
414 3662 544 3757 essent,
564 3663 620 3739 sod
643 3662 791 3737 inPluto
815 3662 918 3755 adeo,
932 3687 1011 3762 ¹quo
1033 3665 1150 3739 summi
1182 3666 1227 3742 illi

231 3793 430 3884 duumviri,
463 3791 631 3887 Bentlejus
663 3790 702 3866 a
739 3787 1023 3881 Hemsterhusrus,
1056 3794 1225 3893 ingenium

231 3919 480 4014 dodlrinamque
503 3917 721 3990 contulerant.
772 3914 838 3984 Sed
865 3916 1129 4014 quandoquidem
1154 3923 1224 3996 1011.

230 4044 304 4137 gius
328 4061 379 4113 est
405 4063 502 4139 quam
524 4061 586 4134 pro
604 4034 702 4108 unius
724 4036 878 4111 censurae
900 4037 1043 4129 finibus,
1069 4043 1224 4114 undecim

229 4187 344 4242 omnes
361 4163 498 4238 Fabulas
519 4159 711 4253 recensere,
734 4185 824 4237 ntiae
838 4163 972 4261 quidem
986 4164 1112 4261 priores
1128 4167 1223 4264 quin·

227 4307 292 4391 que
305 4272 553 4391 producamus,
588 4285 824 4383 Lyfistratam‚
852 4290 1225 4389 Thesmophoriazusas,

228 4421 359 4501 Ranas,
393 4414 552 4499 Plutum,
589 4412 850 4504 Ecclesrazusas,
883 4438 926 4493 ex
960 4417 1065 4517 iisque
1091 4440 1223 4498 tantum

229 4541 264 4612 in
282 4535 371 4638 omni
386 4557 508 4631 genere
524 4558 710 4631 promamus
726 4536 960 4634 specimirmm,
973 4559 1132 4636 quantum
1147 4542 1223 4616 satis

227 4663 268 4741 stt
298 4657 340 4733 ad
361 4659 458 4755 hujus
482 4655 647 4734 Editionis
678 4663 748 4740 vim
775 4688 815 4740 ac
842 4664 1075 4761 praestantiam
1105 4665 1226 4741 inteli-

228 4786 380 4888 gendam.

276 4915 350 5010 Jam
372 4909 453 4986 illud
473 4933 579 5008 genus
601 4917 692 5015 quod
714 4918 750 4992 in
769 4916 978 5022 personatum
1009 4917 1223 4996 discindione
1275 4938 1279 4945 ’

228 5039 395 5130 uersatur,
419 5057 616 5131 quamquam
633 5042 809 5138 plurimum
833 5045 923 5118 valet
947 5033 989 5118 ad
1008 5043 1148 5118 Fabulae
1170 5047 1221 5122 in·

228 5159 468 5256 tangendam,
501 5183 613 5238 tamen
638 5164 714 5241 satis
744 5187 796 5242 est
820 5194 838 5243 a
859 5170 955 5244 nobis
978 5191 1115 5246 numero
1142 5196 1220 5245 ver·

227 5285 320 5358 suum
345 5290 454 5362 notari
468 5315 482 5377 ‚·
515 5291 640 5386 quippe
665 5290 718 5364 vis
743 5315 783 5367 ac
812 5295 898 5372 ratio
922 5298 1081 5395 cujusque
1112 5312 1221 5367 novae

701 5419 731 5489 C
755 5444 773 5513 3
1106 5418 1222 5495 distin·
