2900 7100
339 1655 725 1779 nnu'arrouus
754 1633 1132 1784 annumeras
1184 1705 1276 1808 1³5

300 1885 396 1964 XIlL
430 1877 628 1968 ramanae.
678 1887 946 1986 Geopontcorum,
978 1886 1071 1983 five,
1111 1881 1171 1962 'De
1202 1885 1254 1958 Rt

244 2015 379 2114 Rustico
402 2014 498 2086 Libri
519 2011 598 2088 XX.
631 2014 781 2109 Casftano
804 2014 906 2113 Basso
923 2014 1137 2113 Scholastica,
1160 2012 1254 2087 collo·

239 2146 339 2217 liora:
366 2158 465 2214 antea
489 2139 689 2233 constamine
715 2139 1002 2235 Porpltyrogenneto
1026 2168 1049 2214 a
1067 2141 1253 2237 quibasdam

237 2262 403 2360 adscripti.
454 2263 574 2333 Graeco
589 2281 622 2332 et
651 2269 787 2353 Latine,
808 2282 878 2356 post
894 2266 984 2366 Petri
1008 2243 1254 2348 necaremini·

162 2393 173 2408 ‘
238 2413 316 2475 rar,
342 2385 387 2458 'ad
399 2387 503 2459 MSS.
521 2385 619 2479 sidem
636 2387 735 2474 denuo
755 2387 872 2479 iectast
893 2408 924 2463 et
943 2375 1093 2487 illustrati
1111 2399 1165 2466 ab.
1189 2393 1249 2484 Jo.

239 2512 373 2585 NJtolao
396 2498 523 2584 Nicias.¹
553 2507 614 2584 IV.
641 2509 730 2586 isal.
763 2519 798 2595 8.
828 2510 969 2609 Lipssoe.
996 2519 1101 2601 1781·
1152 2515 1250 2609 Opur

240 2638 327 2729 hoc,
351 2638 456 2736 vulgo
476 2637 717 2732 Geoponicoram
733 2636 871 2716 nornine
885 2633 1108 2733 appellatum,
1132 2657 1253 2736 magna

239 2761 341 2838 habet
364 2762 521 2863 praefidia
545 2784 624 2842 cum
641 2761 683 2837 ad
699 2762 923 2864 Antiquitatis
938 2781 1011 2842 tum
1030 2763 1073 2839 ad
1093 2762 1252 2862 Agricul·
1308 2791 1315 2806 ‘
1342 2767 1346 2790 ¹

237 2906 333 2964 turae
357 2893 601 2992 cognitionem.
657 2889 821 2964 Continet
838 2892 929 2972 enim
951 2892 1024 2989 ejus
1046 2869 1127 2965 arcis
1141 2887 1247 2990 'prae
1350 2905 1354 2912 ·

232 3038 334 3115 cepta
356 3042 401 3094 ex
423 3016 560 3113 optimis
581 3021 740 3092 veterum
767 3016 962 3092 ananum
983 3019 1123 3110 colleela
1150 3037 1187 3090 et
1210 3017 1246 3094 in
1348 3071 1351 3076 -

233 3158 349 3243 certos
369 3141 463 3214 locos
481 3139 648 3233 digestaa
670 3139 824 3213 Cassiano
846 3140 968 3230 Basso,
991 3139 1095 3216 dotto
1108 3139 1248 3226 homine

232 3283 409 3343 exactare
433 3260 641 3337 Constantini
661 3258 988 3360 Porphyrogenneti.
1045 3261 1155 3357 Igitur
1176 3285 1246 3336 ma·
1320 3317 1325 3336 .

214 3373 216 3378 ¹
231 3412 298 3487 gna
312 3408 384 3460 erat
399 3387 549 3463 habenda
563 3385 670 3482 gratia
685 3385 853 3479 Niclalio,
876 3384 961 3463 srnil
981 3384 1042 3460 nist
1059 3384 1244 3466 editionem

134 3596 138 3621 ἱ
233 3512 523 3594 Needharnianam
534 3571 545 3605 ‚
556 3512 650 3607 cujus
667 3512 820 3613 exempla
834 3512 870 3587 in
884 3511 1084 3593 &commota
1100 3514 1247 3607 fiebat,

228 3632 454 3739 repetivisse.
516 3649 626 3718 Nunc
655 3661 725 3711 non
743 3635 856 3714 ‚modo
881 3640 1012 3717 reddita
1047 3657 1101 3715 est
1132 3628 1241 3727 editio

225 3765 502 3857 Needhamiana,
528 3765 585 3845 sed
607 3763 720 3843 multis
733 3769 841 3841 etiam
865 3768 963 3842 auita
978 3768 1134 3856 dotibus,
1159 3792 1239 3851 cum

224 3896 421 3970 emendatae
442 3896 655 3997 scripturae,
685 3913 760 3967 tum
793 3891 966 3966 doctrinae
992 3891 1166 3971 illustratae
1187 3912 1241 3967 at·

221 4047 288 4127 que
311 4022 502 4119 explicitae.
561 4025 608 4095 Et
633 4019 846 4097 collationem
873 4021 1010 4119 quidem
1032 4016 1156 4093 Editor
1177 4019 1238 4097 ha·
1304 4088 1308 4097 .

145 4138 150 4144 ’
224 4149 298 4223 buit
313 4167 456 4244 quatuor
471 4148 627 4225 librorum
645 4147 865 4245 scriptorum,
890 4145 993 4220 trium
1010 4145 1235 4231 Palatinorum
1329 4182 1331 4186 >

221 4289 259 4347 et
285 4274 384 4348 unius
408 4271 655 4372 Gottorpiani,
681 4273 802 4352 factam
819 4275 934 4352 olima
956 4277 1070 4373 Marq.
1097 4274 1234 4353 Gudiot

222 4421 242 4468 a
262 4423 331 4494 quo
349 4396 491 4489 primum
509 4399 667 4492 pervenit
687 4399 729 4469 ad
748 4403 783 4501 J,
800 4401 849 4472 A.
876 4401 1084 4490 Fabricium,
1108 4401 1234 4478 deinde
1258 4453 1262 4458 -

219 4519 263 4591 ad
286 4523 318 4615 J.
345 4517 531 4590 Matthiam
556 4525 771 4606 Gesnerum,
799 4521 856 4617 qui
880 4521 949 4618 ipse
972 4525 1148 4622 aliquando
1169 4529 1234 4602 hu·

214 4645 270 4741 jus
302 4638 413 4738 operis
436 4640 559 4720 edendi
591 4647 761 4724 confilium
793 4667 960 4744 ceperat,
998 4648 1112 4745 postea
1146 4676 1231 4728 vern

220 4770 434 4851 transtulerat
460 4767 494 4842 in
512 4769 710 4874 discipulum
726 4778 920 4861 Niclafium.
954 4774 1028 4850 Hic
1041 4775 1083 4850 ad
1097 4776 1232 4878 suscep·

218 4918 288 4977 tarn
310 4895 520 4994 provinciam
543 4900 658 4978 attulit
682 4905 833 4984 Graecae
857 4902 1014 4979 dictionis
1037 4900 1227 5001 scientiam,
1271 4877 1275 4887 Ι

216 5044 282 5122 qua
310 5042 346 5094 et
374 5021 519 5105 subsidiis
552 5030 709 5105 librorum
732 5031 826 5105 recle
857 5049 1040 5124 uteretur,
1071 5051 1108 5109 et
1131 5058 1225 5113 erro·

220 5172 273 5224 res
297 5153 420 5224 multos
446 5177 522 5228 cum
539 5156 742 5235 librariorum
767 5179 839 5231 tum
859 5157 1007 5254 priorum
1026 5159 1223 5254 mitorum,
1340 5242 1345 5258 ,

149 5329 155 5353 2
215 5295 319 5378 atque
332 5276 368 5353 in
383 5279 497 5379 prinis
517 5280 725 5380 Necdum,
752 5284 944 5386 corrigeret,
995 5288 1124 5366 Attulit
1140 5311 1227 5380 qun·

981 5516 985 5522 .
1158 5433 1225 5510 que

985 5543 1002 5630 l

1170 5652 1263 5666 ..a-h.
