2900 7100
278 1423 280 1428 1
1215 1432 1228 1446 Π

444 1455 454 1484 Ι
734 1485 744 1505 Ι
1082 1469 1086 1480 ’
1112 1481 1116 1488 .

290 1781 314 1834 2
367 1750 811 1867 nunnonnuou.
842 1669 898 1848 zi
927 1752 1221 1864 ,Mosen-us

287 1930 383 2007 usum
409 1928 583 2006 conferre:
609 1923 648 2001 dc
669 1926 795 2002 habent
817 1925 943 2025 fingula
970 1951 1010 2006 ea
1040 1953 1178 2008 munera
1209 1913 1297 2009 hanc

285 2059 378 2151 vim,
402 2066 442 2160 ut
465 2053 574 2155 fine'‘
551 2077 592 2129 ns
617 2052 760 2129 Critines
781 2054 852 2130 laus
876 2052 1017 2153 intelligi
1036 2069 1193 2184 nequent.
1240 2062 1294 2137 At

228 2198 232 2204 '
285 2205 371 2261 vero
369 2155 490 2256 nifi
469 2197 562 2254 certa
581 2179 683 2255 lediio
700 2135 881 2255 constituta
902 2173 962 2267 lit,
987 2178 1106 2279 eique,
1125 2177 1295 2287 tamqnam

286 2308 535 2395 fundamento,
565 2303 806 2403 superstruatur
828 2302 935 2378 omnis
960 2305 1047 2381 illa
1036 2316 1294 2409 interpretati03

286 2427 458 2507 necesse
443 2450 525 2522 est,
555 2428 646 2529 quod
667 2428 809 2522 saepius.
826 2430 901 2500 fieri
923 2428 1079 2505 videmus
1085 2438 1298 2533 ,opiniones
1335 2428 1340 2438 ’

286 2525 459 2631 informari
479 2581 562 2647 eas,
593 2570 703 2651 quae,
737 2535 816 2614 licet
838 2565 940 2639 Opera
965 2546 1005 2622 &
1026 2555 1170 2627 artificio
1195 2582 1296 2635 exor-

285 2704 410 2776 „atae
448 2704 586 2766 tamen,
617 2665 816 2763 reprehensa
845 2690 911 2745 una
944 2671 1113 2774 alteraque
1143 2678 1295 2778 syllaba,

255 2887 257 2892 ,
286 2808 394 2883 velun
415 2801 541 2875 somnia
569 2791 780 2872 evanescant
952 2777 975 2843 ³

333 2927 406 3016 At,
433 2925 524 3021 quod
549 2920 720 3009 diximus,
752 2916 842 2992 idem
869 2941 970 2996 verae
991 2925 1143 3004 lectionis
1170 2933 1292 3010 consti.

282 3053 431 3133 tuendae
454 3070 604 3136 munus,
641 3069 745 3133 unum
773 3044 923 3122 omnium
945 3067 997 3144 est
1019 3050 1119 3151 longe
1141 3053 1293 3133 difficili.

279 3205 405 3266 mum„
445 3180 492 3251 Et
520 3172 664 3271 primum
688 3173 824 3271 quidem
854 3172 937 3248 adfit
967 3197 1104 3275 oportet
1138 3180 1291 3261 dodlrina

280 3330 390 3410 prope
412 3297 568 3389 infinita,
598 3297 753 3394 Linguae
781 3294 955 3373 &totius
982 3302 1205 3397 Antiquitatis
1231 3334 1287 3383 ac-

281 3450 399 3507 curata
407 3424 573 3516 lstientia,
588 3422 665 3498 usus
678 3421 778 3519 ipsius
797 3422 977 3514 Audieris,
992 3422 1127 3524 ejusque
1140 3430 1291 3531 ingenii,

279 3579 435 3645 morum,
461 3548 735 3638 consuetudinis,
753 3545 792 3624 dc
809 3548 902 3623 vitae
918 3572 1095 3649 serumque
1113 3578 1206 3633 certa
1229 3588 1288 3639 co.

279 3683 415 3786 gnitio:
449 3697 523 3753 tum
535 3674 664 3774 judicio
688 3675 757 3751 acri
783 3699 866 3772 opus
894 3695 967 3767 est,
992 3654 1060 3772 quo
1075 3705 1155 3757 vera
1180 3685 1287 3760 secer.
1353 3752 1358 3773 ¹

279 3831 404 3888 nantur
420 3832 440 3881 a
456 3804 556 3880 falfis.
575 3798 632 3892 dc,
657 3799 764 3874 veluti
786 3801 928 3876 aurificis
943 3803 1082 3898 statera,
1097 3811 1290 3913 expendan-

275 3957 353 4015 tur:
380 3932 525 4030 denique
548 3927 689 4002 felicitas
712 3926 874 4022 quaedam
898 3927 1023 4027 ingenii
1044 3933 1205 4009 accedese
1231 3937 1290 4012 de·

116 4058 118 4063 ’
276 4067 358 4155 bet,
383 4081 488 4161 quae,
513 4052 593 4153 quid
612 4074 666 4127 res
683 4051 856 4150 postulat,
881 4053 928 4130 ita
942 4054 1098 4130 celeriter
1118 4059 1291 4158 subjiciat,

273 4213 315 4271 nt
341 4215 410 4266 non
437 4186 580 4258 humana
603 4180 775 4281 diligentia
796 4184 1056 4282 excogitatum,
1088 4183 1144 4258 sed
1169 4185 1288 4266 divino

173 4403 175 4406 ,
272 4332 371 4392 motu
395 4325 630 4407 expromtum,
654 4305 824 4381 videatur,
870 4306 971 4382 Haec
994 4326 1065 4382 enat
1081 4308 1134 4383 illa
1158 4312 1287 4390 veteris

274 4433 519 4521 Grammatices
535 4429 715 4530 profesto,
743 4424 839 4533 cujus
859 4455 974 4527 nnnc,
998 4435 1091 4533 turpi
1110 4436 1284 4517 nominum

162 4538 166 4543 ¹
272 4558 1022 4667 ignoranns,n0meninconte1ntujacen.
1114 4650 1117 4661 μ

303 4690 425 4797 ¹Quod
453 4688 476 4760 ss
502 4686 577 4778 quis
599 4698 735 4753 eorum,
760 4698 848 4770 quae
874 4675 919 4748 de
942 4678 1027 4753 illius
1047 4691 1195 4761 muneris
1217 4691 1285 4765 slis.

269 4812 424 4897 ficultate
446 4807 616 4896 diximus,
661 4803 867 4876 documenta
888 4822 1055 4899 quaerat3
1092 4809 1281 4894 excita-nus

271 4940 422 5016 Graecus
446 4929 595 5007 Bucolici
625 4928 779 5035 caminis
802 4948 955 5027 poetas.·'
982 4933 1033 5007 Hi
1058 4958 1196 5037 propter
1219 4946 1282 5021 kni.

266 5085 335 5143 tam
352 5058 563 5137 dulcedinem
585 5081 626 5132 ac
642 5035 863 5148 suavitltem,
887 5080 931 5133 ex
946 5081 990 5131 eo
1009 5059 1088 5134 inde
1104 5082 1276 5164 tempure,
1334 5110 1342 5152 ·.

270 5213 341 5294 quo
358 5186 529 5267 veterum
536 5201 762 5277 monumenta
777 5181 946 5266 nunuui
959 5209 1163 5289 coeperunt,
1184 5193 1274 5292 apud

290 5342 295 5351 ·
1097 5372 1103 5379 .
1200 5346 1274 5399 om·

140 4746 153 4787 Ι
