2900 7100
262 1776 334 1848 rib
490 1841 494 1852 .

237 1941 357 2032 serat.
382 1962 386 1970 ·
411 1923 466 2018 Ex
496 1925 565 2013 lr'rio
603 1931 786 2017 Athenaeo
814 1938 942 2039 viginti·
972 1935 1045 2015 loca
1063 1939 1152 2014 mihi
1181 1943 1260 2017 lirul

174 2166 176 2169 y
257 2068 303 2150 ad
324 2087 479 2156 romum.
501 2064 537 2141 in
556 2063 676 2162 quibus
695 2064 881 2140 'etiamnum
895 2064 1036 2140 mendae
1050 2066 1176 2157 latent,
1199 2090 1261 2139 eos

255 2187 336 2271 dem
358 2191 456 2268 fonte
482 2189 674 2267 derivatae:
693 2189 763 2267 vin'
781 2190 855 2264 loca
875 2191 1036 2288 quaedam
1055 2191 1224 2290 designem
1240 2191 1261 2263 s

257 2318 294 2394 Si
318 2335 436 2410 vacat,
460 2316 587 2415 inspice
611 2318 652 2390 L.
677 2317 743 2395 Ill.
767 2344 800 2416 p.
836 2342 916 2393 102.
947 2319 990 2395 E.
1020 2319 1088 2395 lv.
1113 2341 1146 2414 p.
1174 2339 1258 2411 130.

255 2441 301 2522 Δ.
327 2440 377 2519 V.
401 2467 435 2539 p.
470 2466 550 2539 195.
573 2447 612 2520 A
638 2445 704 2522 Vl.
728 2469 764 2543 p.
791 2465 870 2540 235.-
897 2449 936 2521 C.
965 2451 1046 2537 265.
1071 2444 1119 2518 D.
1144 2443 1207 2516 IX.
1224 2464 1265 2536 pr

254 2579 340 2662 40⁶·
365 2568 413 2644 D.
438 2570 502 2646 XI.
526 2595 561 2671 p.
586 2557 837 2662 489.F.Xl1.
862 2593 888 2663 p
922 2581 1008 2659 5-21.
1034 2572 1072 2641 C.
1094 2569 1142 2642 D.
1158 2567 1261 2643 Xlll.

256 2692 1257 2810 umssnmssmssmssmu

254 2816 526 2913 609.'C.X1V.
551 2840 585 2912 p.
611 2821 696 2891 616.
719 2816 762 2892 E.
787 2819 871 2907 XV,
894 2841 930 2914 p.
955 2824 1036 2913 ⁶77·
1063 2816 1100 2891 F.
1153 2814 1263 2918 Quod

252 2941 407 3018 fiforsan
433 2940 489 3014 hic
511 2941 576 3014 illic
607 2938 643 3012 in
672 2937 953 3037 eademmecum
983 2939 1138 3016 incideris
1167 2941 1260 3038 cogi·

252 3064 346 3142 tandi
378 3061 543 3162 telligit,
577 3064 678 3136 Tuus
709 3062 764 3139 ille
786 3066 962 3144 consensus
988 3067 1070 3143 mihi
1093 3065 1262 3143 iucumdus

253 3190 321 3267 erit
346 3189 500 3269 veritatis
522 3185 637 3263 index.

376 3436 435 3511 Ea
448 3435 548 3512 euclem
565 3438 636 3513 Vol.
660 3440 748 3515 Nota
758 3487 770 3533 ‚
788 3465 866 3538 quae
883 3446 1001 3541 legitur
1013 3465 1048 3545 p.
1073 3465 1132 3551 44.

303 3657 384 3753 „Et
401 3654 456 3732 hic
475 3657 637 3734 succurrit
648 3660 729 3736 mihi
743 3664 1006 3742 Valckenaerius
1019 3684 1152 3760 noster,
1163 3668 1260 3765 cujus

254 3788 384 3880 verba,
417 3785 461 3860 ad
505 3777 680 3864 historiam
721 3787 944 3865 illustrandam
979 3794 1142 3891 egregia,
1174 3793 1259 3865 haec

175 3949 179 3963 ·
254 3913 364 3993 suut.²’
421 3911 617 3989 Athenaeus
634 3917 636 3921 ’
626 3892 769 4014 {quem
791 3917 995 3991 memorabas
1010 3910 1107 4009 ,'vix
1140 3917 1261 3998 dubito

254 4035 337 4138 quin
369 4032 532 4132 scripserit
569 4038 613 4117 L.
654 4041 755 4118 Xlll.
793 4065 827 4137 p.
865 4065 947 4139 593.
978 4043 1023 4119 A.
1064 4046 1108 4121 de
1146 4048 1262 4127 Ptole·

254 4186 380 4259 maeo,
407 4159 645 4348 praefidrariis·
637 4162 874 4266 Aegyptiacis
904 4167 1028 4264 Eplrefi
1051 4175 1261 4272 praefeslo‚

251 4269 321 4359 uiis
343 4261 383 4354 tiu
406 4266 437 4350 ru'
437 4269 485 4355 los
517 4303 578 4351 του
609 4280 825 4372 ursellum
848 4275 1036 4368 βασιλέως
1086 4297 1259 4400 (affinitas

251 4411 419 4488 literarum
437 4403 623 4479 vicinarum
645 4430 770 4483 vocem
790 4408 838 4489 vll
839 4445 871 4497 ος
892 4418 1052 4516 expulit).
1096 4429 1259 4505 Philadel-

253 4537 340 4641 phus
362 4530 452 4607 enim
485 4548 618 4626 praeter
637 4554 778 4610 uxorem
802 4541 1028 4623 meretriculas
1058 4553 1243 4632 aluitminr

153 4732 155 4739 .
252 4683 345 4738 mum
360 4656 485 4746 otto,
515 4653 605 4750 apud
635 4659 779 4736 eundern
814 4665 941 4745 Athen.
974 4673 1071 4750 Xlll.
1104 4704 1138 4775 p.
1171 4689 1261 4785 576.

252 4792 481 4872 enumeratas,
507 4779 599 4853 has
588 4798 677 4856 mter
695 4787 947 4869 amantissimam
971 4798 1163 4895 Blr'sticlrin,
1182 4806 1259 4878 Cle

171 4976 175 4987 ,
253 4906 361 5003 menti
387 4925 620 4982 memoratam
635 4906 671 4983 in
698 4912 868 5011 Protrept.
899 4944 934 5015 p
959 4946 1014 5014 42.
1048 4926 1104 5005 lin.
1136 4956 1194 5028 31.
1217 4933 1255 5012 in

255 5047 349 5145 cujus
396 5045 558 5123 honorem
614 5052 776 5147 templum
821 5048 897 5146 ’ΛΦ
898 5050 1028 5159 p'ocltrns
1064 5065 1257 5178 βληςίχης
1332 5050 1335 5057 ¹

254 5166 483 5248 consecratum
509 5171 608 5250 fuisse
635 5177 856 5257 Alexandriae
894 5204 914 5256 e
940 5186 1118 5269 Plutarcho
1152 5193 1255 5283 didici

115 5428 117 5432 Ι
254 5282 308 5415 T.
333 5298 380 5375 ll.
411 5321 453 5434 p.
475 5318 559 5395 713
595 5301 636 5383 u.
663 5303 777 5430 Liberi
806 5326 921 5391 autem
944 5319 1037 5400 etall
1068 5322 1249 5411 concubitu

1175 5440 1252 5522 Ru·
