2900 7100
178 1887 184 1902 Ι
292 1789 359 1865 ΒΕ
384 1787 591 1863 OFFICIIS·
613 1787 655 1861 L.
678 1783 744 1862 111.
768 1783 845 1863 BD.
877 1783 1100 1862 HEUSING
1149 1807 1202 1920 '53

138 2005 142 2012 ·
213 1979 285 2035 turn
313 1962 468 2052 aliorum,
501 1959 665 2043 orationes
695 1958 743 2033 ita
773 1958 885 2053 legat,
914 1979 954 2033 ut
987 1957 1099 2032 videat
1133 1978 1201 2033 nou
1308 1979 1310 1983 ‘

212 2109 307 2181 quarn
331 2086 394 2160 lint
413 2107 532 2172 verae,
555 2084 610 2158 sed
626 2105 725 2179 quarn
740 2079 781 2155 ad
794 2078 1053 2175 persuadendum
1070 2103 1201 2154 accom-

210 2210 383 2299 modatae,
408 2211 434 2285 is
458 2235 525 2307 quo
544 2207 670 2305 saepius
690 2228 854 2305 quamque
880 2207 1029 2303 relegat,
1059 2231 1102 2280 eo
1126 2210 1199 2303 plus

211 2336 374 2409 continuo
408 2332 579 2406 suavitatis
619 2329 846 2428 perspiciendo
883 2327 1022 2402 interius
1060 2329 1200 2404 artificio

211 2458 332 2552 capiet.
382 2455 489 2551 Atqui
510 2454 534 2529 sr
554 2454 637 2529 haec
658 2473 711 2527 ert
735 2453 796 2528 dos
823 2477 943 2528 earum-
959 2453 1199 2550 scriptionum,
1237 2541 1239 2546 Ι

208 2601 346 2675 quarum
367 2578 509 2656 effeetus
538 2573 651 2673 exigui
674 2579 831 2675 temporis
854 2575 1009 2672 opinione
1031 2578 1198 2665 cernitur,

209 2715 336 2799 quanto
355 2701 458 2799 magis
479 2702 616 2776 eandem
634 2704 749 2779 dotem
769 2700 880 2774 adesse
896 2726 955 2798 par
973 2720 1026 2775 est
1048 2700 1107 2773 illis
1123 2700 1200 2775 scri·

206 2828 396 2923 ptionibur,
421 2828 539 2923 quibus
567 2846 679 2902 certus
713 2852 754 2903 ac
778 2827 1005 2926 permansurus
1030 2824 1199 2897 dollrinae

205 2950 335 3052 stulius
357 2954 560 3028 continetur.
610 2954 722 3043 Nam,
755 2953 882 3027 litatio
908 2949 1073 3026 &oratio
1095 2948 1199 3022 errori

112 3145 117 3162 ,
160 3113 166 3126 ·
206 3077 360 3153 veritatis
396 3078 538 3173 speeiem
569 3077 749 3174 adjungere
777 3094 917 3168 potest,
956 3074 1014 3170 ipsi
1044 3074 1199 3171 prosecio
1291 3115 1296 3122 ·

207 3198 343 3275 veritati
365 3202 546 3278 efficaciam
569 3223 609 3272 ac
633 3202 744 3271 lumen
772 3199 951 3294 adjungere
977 3196 1126 3291 poterit;
1157 3215 1198 3271 ut
1296 3270 1298 3274 .

206 3318 342 3394 minime
371 3325 556 3399 verendum
584 3324 649 3410 fit,
682 3346 725 3397 ne
758 3320 902 3399 lectione
929 3322 1078 3416 quamvis
1102 3322 1198 3421 saepe

207 3444 351 3539 repetiti
378 3446 490 3520 talium
515 3448 671 3521 librorum
691 3447 743 3522 vis
763 3468 803 3519 ac
822 3443 964 3519 suavitas
978 3446 1155 3521 minuatur.

254 3569 356 3676 Quod
379 3597 456 3647 curn
479 3575 556 3649 alias
577 3572 672 3647 nobis
692 3570 789 3669 saepe
813 3570 847 3644 in
872 3569 1093 3645 Ciceronianis
1118 3572 1195 3646 scri·
1294 3656 1297 3661 ,

205 3697 291 3791 ptis,
316 3714 519 3794 turnnuper
538 3697 574 3772 in
598 3697 748 3786 Officiis,
773 3695 831 3803 usu
858 3696 972 3770 venit:
998 3695 1117 3792 quibus
1136 3696 1195 3769 de·

203 3841 271 3894 nuo
291 3821 438 3919 legendis
455 3842 628 3898 recentem
644 3823 853 3919 voluptatem
870 3820 1197 3914 percepimusmova

202 3967 266 4016 nec
295 3967 373 4020 ante
402 3946 625 4018 animadversa
655 3947 742 4015 bona
761 3942 1048 4037 deprehendimus.
1099 3947 1195 4050 Quo·

203 4091 275 4139 rum
301 4069 433 4163 quidem
465 4067 621 4139 librorum
641 4069 712 4138 laur
734 4088 775 4138 ac
801 4068 1001 4162 praestantia
1020 4071 1197 4163 quominus

201 4192 306 4287 vulgo
325 4190 549 4289 intelligatur,
581 4191 666 4264 duae
691 4188 943 4270 suntcaussae:
978 4215 1062 4281 una,
1095 4215 1196 4288 quam

198 4311 365 4411 superiore
387 4318 526 4412 quadarn
554 4313 689 4388 censural
708 4317 983 4408 memoravimus,
1014 4317 1104 4415 quod
1123 4314 1196 4412 ple·
1305 4323 1307 4327 ’

107 4489 109 4492 >
174 4437 290 4532 .riqu'e
319 4442 431 4512 nostrl
463 4459 573 4516 aetate
600 4438 749 4510 homines
776 4441 1048 4535 compendiorum
1070 4442 1192 4538 jejuni·

198 4564 261 4631 tati
282 4560 409 4632 adsueti
431 4561 469 4635 ἃ
494 4587 512 4635 a
546 4565 716 4637 Veterum·
738 4561 797 4634 usu
822 4563 922 4635 rudes
940 4565 1045 4653 sunt;
1066 4570 1189 4656 altera,
1308 4606 1313 4615 ·

196 4682 285 4777 quod
308 4683 437 4759 illorum
457 4687 569 4782 captui
597 4687 683 4760 nullu
711 4685 787 4758 satis
810 4688 1066 4778 accommodata·
1082 4689 1193 4764 exstat
1260 4692 1264 4697 ’

195 4804 322 4890 edith,
358 4812 422 4907 qui
446 4810 651 4907 Philosophia
673 4809 813 4883 Moraliu
842 4828 922 4906 apte
946 4832 987 4882 ac
1014 4810 1194 4906 perspicue
1258 4822 1261 4827 '

101 4912 106 4921 ⁴
193 4930 390 5027 explicetur.
428 4936 553 5032 Neque
575 4938 642 5008 hoc
662 4935 708 5008 itu
730 4933 889 5023 dicimur,
914 4955 955 5006 ac
978 4934 1088 5008 fream
1107 4958 1193 5033 ope·

191 5080 280 5147 ram,
308 5080 392 5151 quae
414 5060 454 5133 in·
478 5057 682 5131 emendandi
709 5053 1004 5155 constituendaque
1027 5059 1189 5158 scripture

191 5183 363 5273 versatur,
383 5203 644 5260 contemnamue
694 5182 822 5266 Immo,
847 5179 892 5252 nil
913 5181 1050 5278 magisa
1070 5201 1187 5257 nostro

191 5305 283 5380 sensu
300 5306 493 5404 judicioque
513 5306 654 5381 alienum
671 5322 746 5393 err,
768 5293 826 5402 qui
843 5325 917 5378 earu
940 5326 1093 5380 ne¹nunc
1114 5302 1187 5397 qui·

616 5433 654 5506 D
681 5453 702 5525 3
1110 5423 1188 5497 dem
