2900 7100
100 1136 1347 1404 —

268 1463 272 1474 ι
826 1455 829 1460 ’
883 1463 892 1472 κ

642 1485 652 1496 ι

249 1823 252 1836 ,
281 1699 570 1812 vurosrrso.
598 1730 774 1810 eunuc.
799 1687 1157 1820 runosornon.
1184 1751 1231 1838 n
1290 1757 1300 1774 ·

229 1879 509 2005 pnelmiisunis
538 1907 678 1985 heroum
706 1907 944 1986 descensusnd
967 1910 1116 2007 inferos,
1149 1934 1233 1992 tam.

162 2136 164 2139 Ι
231 2051 330 2129 quom
354 2035 534 2134 praecipua
563 2036 653 2128 laus,
680 2034 818 2132 adjungi
832 2033 978 2114 ¹solebat.
1046 2042 1168 2122 Tertia
1198 2043 1235 2124 in
1321 2067 1332 2092 ι

175 2205 180 2219 ·
227 2181 273 2233 eo
296 2159 476 2252 versaturg
505 2180 544 2238 ut
564 2160 784 2254 ostendatur,
818 2159 994 2258 Orpheum
1014 2163 1138 2243 summa
1162 2192 1234 2245 car-
1349 2251 1358 2262 ,

225 2281 326 2361 minis
360 2280 523 2357 facultate
553 2286 693 2360 valuisse
721 2287 861 2362 minime
899 2308 945 2362 ex
975 2310 1019 2361 eo
1049 2291 1234 2393 consequi,

228 2393 323 2507 q‘uod
341 2403 566 2482 admirabilem
590 2410 662 2506 ejus
683 2429 801 2497 cantur
817 2409 890 2488 vim
904 2411 1058 2488 habuerit
1072 2414 1116 2488 ad
1129 2416 1236 2492 bomi-

231 2556 315 2616 num
336 2530 466 2607 animos
491 2533 718 2642 deliniendon3
743 2557 821 2610 uum
838 2534 875 2610 iu
891 2537 1045 2631 Mulico,
1069 2555 1110 2611 ut
1135 2536 1172 2614 iu
1186 2560 1240 2614 ro·
1274 2591 1278 2602 ,

232 2660 329 2761 liquis
346 2661 473 2738 artibus
494 2660 614 2761 quibus
637 2659 747 2734 seusus
768 2681 950 2762 motusque
986 2664 1087 2741 animi
1112 2689 1239 2766 propo·
1266 2755 1270 2762 ,

233 2789 314 2865 litus
333 2767 406 2880 est,
431 2784 593 2862 effectum
612 2810 680 2862 non
703 2786 846 2864 existere
870 2812 915 2865 ex
929 2791 1001 2867 solo
1016 2790 1097 2867 artis
1112 2811 1255 2888 opere-,-

230 2914 289 2990 seil
316 2937 361 3019 cx
386 2935 504 2991 natura
524 2932 566 2994 et
577 2913 742 2990 varietate
761 2913 969 3008 animorum,
994 2917 1036 2993 td
1052 2940 1139 3015 quos
1149 2917 1235 2994 illud
1311 2987 1333 3011 ,.
1351 2989 1362 3012 ,,

217 3039 554 3140 ·.οριιειι11ιί1>ειιιιι;
587 3057 627 3113 ut
646 3038 808 3115 mediocri
831 3041 933 3117 etiam
951 3063 1055 3117 cantu
1076 3044 1179 3119 rudes
1198 3061 1237 3119 et

231 3170 380 3245 incultae
399 3187 495 3240 aures
513 3162 752 3238 incredibiliter
776 3155 908 3238 move'ri
931 3165 1070 3259 posfiot.

214 3349 216 3353 -
283 3290 375 3366 seii.
397 3292 444 3364 Π.
480 3290 530 3363 De
548 3290 685 3365 Placitis
701 3288 831 3383 Orphei.
875 3285 1033 3380 Constat,
1059 3289 1130 3386 jam
1154 3292 1240 3367 anti.

233 3414 394 3515 quisfimis
428 3389 636 3510 temporibus
671 3409 815 3484 carmina
849 3409 910 3485 sub
939 3410 1074 3486 nomine
1109 3417 1239 3516 Orphei
1359 3403 1362 3412 ¹

158 3594 164 3605 ι
233 3540 416 3630 extitisse,
447 3539 504 3620 vel
532 3535 763 3635 aPythagora
780 3537 835 3610 vel
859 3541 901 3615 ab
917 3539 1138 3617 Onomacrito
1161 3541 1239 3640 sup·
1338 3578 1344 3586 ·

235 3669 359 3769 pofita:
385 3685 469 3763 quae
483 3662 618 3760 quidem
634 3660 772 3758 triplicis
787 3664 920 3760 generis
935 3663 1037 3741 fuisse
1055 3669 1238 3761 videntur,

232 3798 374 3890 Hymni,
402 3772 557 3857 Τιλέται
587 3788 646 3864 seu
662 3789 883 3878 initiationes,
894 3789 1093 3891 Theogonia:
1107 3792 1150 3864 de
1165 3792 1238 3887 qui·

229 3923 295 3998 ¹bus
319 3913 532 4019 probabiliter
557 3913 706 4009 disputat
742 3909 1022 4004 Tiedemauuus,
1055 3936 1239 4010 eorumque

208 4042 380 4122 ‚indicem
413 4040 544 4141 subjicit
580 4060 625 4112 ex
666 4033 821 4110 Fabricio
862 4034 998 4132 aliisque
1042 4040 1237 4138 repetitum.

233 4174 339 4249 Porro
362 4167 534 4245 constituit
557 4167 676 4262 leges,
715 4160 758 4249 ad
788 4183 869 4256 quas
895 4163 1051 4265 exigatur
1072 4164 1239 4262 judicium
1331 4208 1337 4217 .

211 4360 213 4365 .
233 4293 278 4369 de
293 4295 422 4392 placitis
442 4292 583 4389 Orphei.
632 4292 726 4363 Num
752 4311 829 4361 cum
843 4291 926 4385 ejus
941 4289 1237 4389 placita,primum

234 4419 463 4514 Pythagoras,
475 4415 597 4490 deinde
612 4411 763 4508 juniores
777 4410 939 4486 Platonici
953 4411 995 4486 ad
1009 4411 1099 4489 suam
1114 4417 1239 4492 doilri.

237 4565 316 4621 nam
342 4538 658 4626 accommodarent,
694 4533 822 4608 iulium
850 4551 964 4607 estut
989 4535 1122 4611 difficile
1153 4539 1241 4612 esset

236 4662 525 4763 adjudicandum,
549 4659 629 4759 quid
644 4681 726 4751 vero
747 4659 933 4756 Orphicum
956 4657 1068 4751 esset,
1092 4660 1172 4756 quid
1191 4662 1240 4737 se·

235 4817 308 4870 cui.
356 4792 477 4887 Imque
500 4791 590 4885 leges
602 4782 721 4880 judicii
737 4783 1003 4862 constituuntur:
1032 4789 1077 4861 Ut
1099 4792 1241 4886 Orphica

233 4923 411 4999 habeantur
427 4942 466 4991 ea
483 4913 626 5009 placita,
642 4910 708 5009 sub
722 4913 844 5011 Orphei
859 4915 980 4992 nomine
1000 4894 1248 4993 commemorato

236 5043 505 5140 aScriprorilrus,
529 5044 582 5135 qui
604 5055 711 5115 aetate
725 5034 961 5116 Alexandrinos
973 5041 1234 5140 praecesserunt,

239 5169 452 5267 praeplacita
470 5185 646 5264 repugnant
667 5169 822 5243 ortunae
843 5164 1075 5263 Pythagoricae
1095 5191 1106 5244 r
1140 5187 1235 5256 tum,

236 5292 436 5392 infibulati
451 5292 573 5371 ratione
584 5314 644 5384 ea,
659 5314 740 5385 quar
756 5290 799 5366 ab
812 5289 921 5369 iisdem
927 5290 1139 5397 Scriptorilus
1152 5284 1237 5360 ra'rn·

719 5415 797 5517 ΕΒ
1144 5432 1239 5511 quau
