2900 7100
290 1711 1051 1804 auuATIONEsuREvaus.
1123 1745 1193 1827 tog

185 1891 393 1993 quamquam
417 1912 488 1967 non
514 1889 655 1969 suntab
679 1892 755 1992 ipso
785 1897 967 1972 Plutarcho
991 1899 1207 2001 conscripta,

194 2022 255 2098 sed
279 2014 324 2096 ab
346 2021 422 2100 aliis
447 2015 680 2094 consarcinata
712 2045 755 2097 ex
778 2025 851 2120 ejur
879 2022 1045 2121 scriptis,
1078 2027 1207 2106 habent

137 2249 141 2258 Ι
191 2168 318 2262 tamen·
343 2145 529 2239 lestionenr
556 2148 683 2223 utilem
715 2144 756 2221 ἃ
791 2143 1085 2224 accommodatam
1124 2154 1209 2228 tiro·

198 2302 284 2388 ¹nuru
304 2276 466 2378 ingeniis.
519 2279 682 2351 Ceterum
700 2276 1019 2373 interpretationem
1037 2281 1211 2376 postulant

198 2423 303 2493 eant,
328 2417 424 2498 'quae
446 2401 685 2500 proficiscatur
712 2405 756 2477 ab
789 2401 954 2477 interiore
981 2401 1123 2478 scientia
1148 2406 1213 2482 lin·

204 2547 297 2625 guae
322 2527 499 2618 Graecae,
530 2527 731 2616 Historiae,
757 2523 796 2599 δι
819 2527 1066 2626 Antiquitatis3
1099 2548 1137 2603 ut
1162 2553 1217 2609 oa·

211 2645 389 2745 tendatur,
405 2677 494 2752 quae
512 2655 679 2752 cujusque
696 2647 781 2725 uitii
806 2649 848 2723 fit
874 2655 927 2728 vis
952 2679 995 2729 ac
1022 2656 1217 2742 sententia,

204 2802 339 2879 quoque
359 2770 549 2872 referatu15
582 2801 647 2870 ne,
673 2778 766 2875 quod
788 2776 918 2876 saepius
943 2778 1020 2857 fieri
1044 2784 1218 2875 videmur,

209 2909 283 3006 ejur
304 2928 454 2981 acumen
476 2907 613 2997 lateat,
645 2901 684 2978 ἅ
708 2929 775 3002 pro
797 2924 942 2980 venurto
965 2905 1134 3006 frigidum
1157 2933 1220 3006 po·

205 3033 272 3114 tiur
305 3033 483 3108 habeatur.
546 3032 590 3115 In
618 3031 801 3106 Laconicis
837 3053 1012 3129 praeterea
1043 3036 1143 3113 ditiis
1180 3061 1221 3116 ea
1280 3101 1284 3114 .

210 3184 264 3238 ett
297 3163 505 3247 difficultas,
537 3173 607 3244 ut,
637 3154 698 3228 nisu
732 3157 906 3231 Laconica
945 3157 1102 3234 Dialeilo
1133 3165 1223 3243 bene

213 3288 377 3391 cognita,
403 3308 523 3362 ⁶⁰¹⁰m
546 3301 618 3356 ¹¹⁰⁰
640 3282 746 3359 ¹¹¹0d0
760 3307 905 3367 acumen
921 3285 1075 3384 percipi,
1103 3287 1224 3360 sedne

212 3420 326 3496 senius
357 3411 499 3509 quidem
540 3407 690 3502 intelligi
723 3409 839 3505 posit.
898 3414 1055 3487 Instituta
1085 3414 1249 3512 quidem'
1331 3506 1334 3512 Ι

213 3538 390 3625 laconica
412 3557 484 3610 non
504 3530 719 3632 praecipuam
739 3537 901 3633 aliquam,
927 3538 983 3615 sed
1010 3564 1228 3616 communem

219 3669 348 3745 habent
372 3687 452 3742 cunr
475 3660 613 3761 reliquis
633 3662 867 3758 Antiquorum
889 3666 1021 3766 scriptis
1047 3669 1228 3746 difficulta.

214 3813 303 3886 tern,
320 3814 416 3885 earn,
446 3813 534 3889 quae
557 3814 576 3863 a
597 3793 785 3864 verborum
827 3795 1049 3892 corruptione
1084 3794 1227 3880 existit}

214 3949 328 4000 terum
347 3919 485 4019 quidern
510 3917 699 3993 obscuritas
722 3918 829 3995 multa
856 3920 961 3999 habet
983 3920 1025 3998 ad
1056 3922 1233 4022 explican-

217 4051 298 4128 dum
322 4046 461 4124 subsidia
489 4043 645 4122 inlibris
677 4045 721 4119 de
748 4045 870 4121 eodem
892 4067 1116 4146 argumento,
1147 4074 1230 4125 cunr

217 4176 412 4264 Veterum,
435 4192 510 4259 turn
534 4169 779 4248 recentiorum.
831 4179 947 4276 Atque
978 4176 1015 4251 in
1036 4176 1102 4254 hac
1123 4166 1230 4253 interss

215 4303 412 4401 pretatione
441 4301 491 4373 ita
516 4296 667 4374 versatus
704 4322 755 4376 est
778 4306 927 4400 Editor,
961 4328 999 4381 ut
1028 4329 1097 4383 non
1122 4301 1232 4379 soloni

221 4427 410 4511 tironibus,
443 4426 500 4497 sed
525 4423 789 4519 proietiioribus
807 4447 961 4520 quoque,
979 4433 1099 4503 utilem
1128 4416 1234 4502 nava-

217 4570 276 4628 ret
301 4573 452 4650 operam,
503 4550 617 4644 Num,
640 4553 678 4628 cit
699 4551 853 4623 doiirina
879 4572 1022 4647 apparet
1052 4552 1088 4625 in
1119 4565 1232 4634 reruni

216 4677 463 4770 illustratione,
489 4676 526 4752 ἃ
549 4676 717 4772 judicium
744 4678 885 4776 ususque
910 4677 1065 4774 Linguae
1087 4677 1123 4749 in
1146 4700 1230 4752 con-

216 4808 386 4893 stituenda
401 4805 571 4894 lectione,
597 4805 635 4880 ἃ
650 4809 793 4883 latinae
810 4806 975 4885 orationis
992 4802 1124 4881 bonitas
1140 4809 1232 4889 haud

222 4938 382 5033 vulgaris.
441 4939 481 5012 in
510 4933 727 5033 praefatione
750 4937 887 5035 quidem
916 4935 1034 5010 abusus
1065 4957 1114 5010 est
1143 4960 1230 5038 opev

217 5085 258 5143 ra
274 5085 284 5136 :
321 5083 424 5157 quuro
444 5067 548 5163 longa
572 5064 802 5159 disputatione
821 5060 1000 5135 ostendere
1017 5085 1225 5157 conaretur,

214 5187 305 5265 duos
331 5190 396 5263 noa
422 5184 548 5266 libellos
572 5215 639 5262 non
666 5189 736 5263 esse
759 5212 778 5261 a
800 5187 979 5266 Plutarcho
1001 5191 1163 5293 scriptos,
1190 5192 1233 5267 δε

213 5314 362 5408 dimili
384 5333 503 5408 iamet
523 5316 871 5424 Apophthegmatum
893 5321 1131 5512 εοῙΙεξὶίοηεῗ
1161 5311 1227 5429 iplj

1060 5454 1105 5519 tu
1130 5455 1227 5547 urerer
