2900 7100
103 1773 106 1778 ·
260 1683 1142 1829 12'0usurr1onssausu10uss.
1297 1739 1349 1768 ··

188 1933 190 1944 “
259 1924 349 1994 culae
372 1938 468 1998 ortus.
523 1921 602 1996 Bell.
636 1923 712 2019 Syr.
737 1947 770 2019 p.
797 1943 879 2014 205.
899 1923 957 1999 lin.
974 1944 1009 2013 4.
1039 1944 1120 1997 vera
1149 1921 1250 1998 lediio

222 2097 225 2108 ·
261 2065 306 2119 ex
333 2041 461 2141 scriptis
484 2064 663 2121 revocatur
700 2025 902 2132 imtivuiofi
925 2048 1146 2145 provulgata
1174 2029 1253 2111 ἔπι-

233 2157 415 2267 'plistiam
481 2165 532 2239 lb·
557 2191 589 2264 p·
612 2173 693 2241 206.
723 2158 768 2250 'ri
793 2157 899 2247 mereim
918 2164 1168 2279 imrr'cgrim'iorre.
1189 2155 1252 2247 uui
1356 2207 1360 2212 ·

260 2291 506 2410 orgorruo‘regor
539 2302 645 2405 αὐτῷ’
670 2290 823 2398 laudas,
856 2323 940 2398 item
970 2343 1015 2395 ex
1041 2319 1169 2417 scripti,
1193 2337 1255 2389 ve.

102 2481 105 2488 ·
258 2431 384 2509 nssrme
408 2439 587 2553 corrigitur
612 2425 893 2549 ,regoriuoiuelou
925 2437 978 2520 lvi
1008 2435 1145 2506 mulum
1181 2435 1259 2503 cdli

251 2577 295 2636 ur
322 2564 412 2648 mori,
430 2566 518 2639 uelit.
593 2564 694 2638 Haec
723 2561 799 2637 satis
829 2556 1003 2633 manifesta
1032 2554 1107 2630 sunt
1138 2552 1258 2630 indicia

260 2686 416 2782 egregiae
438 2707 585 2780 operae,
612 2706 711 2779 quam
730 2684 864 2756 uberius
884 2676 1138 2773 explicabimus,
1156 2699 1260 2774 quum

258 2805 327 2902 ipsa
346 2803 508 2901 prodierit
532 2802 648 2875 editio.
697 2804 765 2878 His
788 2802 938 2897 seriptis,
962 2799 1112 2876 adfertur
1129 2800 1171 2872 ad
1195 2822 1258 2872 nos

163 2907 172 2926 ’
247 2933 361 3003 ‘altera
380 2926 477 3021 hujus
505 2922 703 3020 scriptionis
722 2917 823 3023 pars,
848 2926 942 3023 cujus
963 2926 1021 3000 liic
1040 2944 1093 2999 est
1114 2923 1254 2997 titulus:

259 3055 313 3129 De
342 3048 507 3150 Impresstr
532 3049 574 3121 'ac
612 3050 846 3149 Morusrriprir
870 3051 1079 3150 Historiarum
1112 3051 1258 3145 Appiani

256 3174 469 3254 Alexandrini
494 3174 669 3263 codicibus,
698 3177 920 3249 Commutatio
934 3173 1257 3266 Hilurica-Critian:

170 3321 173 3328 “
256 3301 390 3382 Accedit
414 3322 513 3373 nouae
537 3297 693 3373 lidirionis
709 3298 884 3397 specimen.
930 3300 977 3373 Et
1002 3297 1160 3373 affinnare
1177 3321 1258 3393 pos-

257 3427 395 3512 sumus,
430 3423 523 3518 spem
551 3423 692 3500 nostram
721 3422 824 3520 magis
856 3422 956 3496 etiam
985 3422 1116 3496 auilam
1142 3421 1257 3495 incen-

254 3554 389 3646 samque
414 3549 506 3638 esse,
532 3572 608 3621 cum
631 3549 863 3644 speciminibus
879 3548 1049 3623 doetrinae
1072 3565 1108 3618 et
1122 3548 1259 3621 criticae

253 3673 452 3759 facultatis,
487 3691 558 3740 tum
583 3673 746 3768 elegantia
779 3694 814 3746 et
840 3676 950 3749 nitore
980 3696 1102 3769 operae
1126 3674 1257 3746 chalco·

256 3797 445 3899 graphicae.
496 3798 576 3900 Quo
597 3795 765 3870 lubentius
789 3798 935 3873 Editoris
951 3821 1068 3893 preces
1084 3800 1125 3872 ad
1145 3799 1256 3870 crudi·

171 4002 174 4009 ,
254 3932 310 3999 t'os
329 3922 420 3996 viros
441 3920 650 4018 repetimus,
686 3942 810 4018 eosque
834 3921 891 4020 ipsi
915 3949 1086 4021 rogamus,
1120 3941 1156 3994 ut
1179 3925 1254 4018 ejus

127 4102 129 4107 -
252 4050 444 4128 institutum
464 4047 609 4141 juvent,
635 4046 690 4118 vel
713 4046 869 4122 librorum
893 4049 1064 4140 subsidiis,
1092 4028 1151 4121 'vel
1171 4074 1255 4123 con.

251 4178 347 4266 lilio,
384 4172 439 4247 vel
476 4167 783 4261 animadversione,
820 4173 875 4249 vel
905 4197 1111 4272 quacumque
1151 4192 1253 4272 opera

252 4319 292 4376 et
315 4298 455 4373 ratione.
882 4336 885 4341 -

303 4424 354 4499 V.
383 4422 617 4498 PLATONIS
640 4426 774 4522 Dialogi
791 4428 860 4517 IV,
885 4431 1004 4519 Mero,
1031 4431 1137 4521 Crito,
1162 4433 1253 4506 Alci·

251 4549 361 4624 biades
384 4567 532 4644 uterque:
565 4573 634 4655 curu
667 4553 993 4648 Animaduerfiouibur
1015 4557 1164 4633 Virorum
1186 4563 1254 4633 clo·
1331 4618 1335 4625 .

250 4678 460 4774 rirfimorum‚
489 4675 622 4766 Gedike,
648 4677 823 4767 Gortleber,
848 4682 1036 4770 Schneider,
1060 4689 1254 4778 priorumque

106 4836 109 4843 .
250 4805 444 4889 mitorum,
477 4806 602 4874 curauit
626 4804 755 4898 Biester.
782 4811 814 4881 8.
842 4803 986 4876 Beroliui.
1025 4814 1128 4895 1780.
1164 4809 1252 4884 Cum

251 4927 420 5001 Borussrae
438 4932 537 5017 Rex,
562 4924 834 5020 prudentissumus
858 4923 1012 5024 idemque
1042 4930 1249 5005 doffisfimus

249 5069 385 5144 regum,
410 5048 578 5124 verissnne
589 5050 775 5145 judicaret,
800 5050 840 5123 ad
863 5050 1056 5145 praestantis
1070 5054 1250 5149 firmaeque

91 5261 93 5268 Ι
248 5170 417 5248 doetrinae
441 5173 587 5249 frustum
617 5200 661 5250 ex
693 5172 824 5271 reliquis
865 5175 1080 5253 institutionis
1113 5175 1248 5270 puerilis

245 5295 393 5396 partibus
417 5315 489 5368 earn
512 5299 689 5391 plurimun
715 5302 852 5396 valere,
885 5323 969 5403 quae
1002 5298 1188 5379 versaretur
1210 5300 1246 5373 in

634 5432 649 5453 .-
1181 5420 1244 5504 im·
