2900 7100
1237 1381 1241 1390 ι

859 1457 867 1466 '
1235 1467 1237 1478 t

274 1801 346 1860 ιω
418 1764 1221 1878 xnrsornou..n1sr.cnnncA

276 1952 462 2029 thenienses
485 1948 746 2046 Thrasybulum,
770 1945 1101 2041 eoqueinterfeno,
1125 1947 1273 2046 Iphicra-

273 2100 345 2150 rem
376 2098 453 2149 curn
484 2071 625 2169 imperio
659 2074 702 2148 ad
736 2070 994 2168 Hellespontum
1030 2070 1199 2168 mittunt:
1231 2068 1273 2173 dr

272 2202 393 2275 multas
416 2200 515 2274 urbes
539 2197 599 2292 sthi
622 2220 701 2272 cum
721 2194 917 2295 subjiciunt,
941 2218 1014 2273 trun
1031 2198 1227 2294 adjungunt.
1257 2253 1275 2290 ι.

322 2325 394 2434 Qui
415 2340 670 2415 memorantur,
692 2348 739 2416 4,
763 2347 809 2416 9,
834 2302 862 2388 oi
885 2299 965 2417 arogi
989 2307 1189 2414 Φιλοκςάτη
1213 2337 1275 2408 μισ

130 2469 138 2485 '
269 2439 592 2559 “migmscmper
607 2458 704 2535 nobis
726 2454 901 2556 negotium
921 2454 1098 2547 fecerunt,
1122 2457 1170 2530 ita
1185 2454 1276 2534 enim

271 2585 411 2682 ponitur
442 2584 637 2664 Philocratis
670 2604 794 2657 nomen
822 2600 989 2676 tamquam
1020 2578 1098 2653 satis
1125 2599 1275 2672 notum,

271 2727 312 2786 ut
341 2710 444 2801 inde,
476 2710 533 2805 qui
564 2704 691 2779 suerint
712 2704 759 2779 illi
789 2702 1011 2793 mercenarii,
1034 2699 1276 2800 fignifrcentur.
1332 2789 1340 2798 ,

270 2833 382 2929 Igitur
405 2832 495 2906 haud
519 2825 748 2904 abhorruimus
773 2832 815 2903 ab
840 2853 881 2904 ea
903 2826 1083 2924 opinione,
1107 2845 1148 2904 ut
1175 2849 1276 2927 puta·
1308 2923 1335 2942 ..

159 3017 161 3022 .
269 2978 400 3046 remur,
421 2954 512 3030 illum
537 2950 744 3029 hbrariorum
756 2951 883 3028 incuria
898 2968 1010 3026 ortum
1036 2950 1129 3043 esse,
1144 2953 1200 3027 vel
1225 2976 1271 3031 ex

269 3056 486 3171 ’lqrsgsira,
526 3072 622 3171 cnjus
646 3074 684 3153 in
713 3078 778 3153 hac
813 3072 1032 3173 expeditione
1067 3074 1273 3152 celebratum

211 3187 217 3198 ’
271 3214 327 3282 est
352 3218 500 3273 nomen:
531 3199 656 3276 velex
694 3178 955 3293 Πολῦτςατον,
989 3220 1091 3296 quem
1107 3200 1277 3276 beloCo·

269 3318 398 3395 rinthio
418 3321 698 3397 mercenariorum
720 3322 842 3396 ducem
872 3319 973 3394 fuisse
992 3323 1121 3398 constat
1134 3347 1180 3401 ex
1201 3327 1277 3399 De·

274 3443 452 3519 mosthene
472 3444 556 3528 Phil.
581 3446 622 3536 I,
644 3466 765 3542 μη.
788 3446 835 3526 A.
858 3444 1210 3627 &Harpocratioue,
1223 3450 1275 3530 V.
1317 3443 1321 3448 ’

273 3548 528 3660 ssahis-garos.

322 3678 366 3754 1.
389 3676 440 3757 V.
463 3676 708 3771 Athenienses,
731 3679 831 3754 rebus
845 3699 961 3755 eorum
990 3678 1025 3757 in
1055 3685 1151 3783 pejus
1173 3710 1275 3763 ruen-

277 3802 396 3896 tibus,
428 3828 507 3902 cum
525 3807 628 3907 quod¹
643 3805 788 3906 receptis
814 3805 990 3905 Aeginetis
1021 3808 1195 3885 Teleutias
1219 3813 1278 3885 Pi·

275 3947 391 4003 raeum
406 3929 600 4025 infestaret,
627 3952 701 4008 turn
730 3928 822 4029 quod
845 3953 960 4006 eorum
984 3930 1089 4007 classis
1108 3932 1151 4007 ad
1180 3935 1281 4034 Aby-

116 4090 119 4096 ·
273 4049 356 4156 dum
379 4074 477 4153 capta
496 4057 582 4131 esset
597 4060 638 4133 ab
659 4055 836 4132 Autalcida
849 4058 1190 4134 Lacedaemoniorum
1211 4063 1278 4138 du-

275 4198 338 4252 ce:
362 4179 585 4257 Athenienses
610 4185 714 4281 igitur
738 4183 909 4280 accipirmt
929 4180 1021 4278 pacis
1045 4185 1278 4282 conditiones,

274 4321 357 4396 quas
386 4303 597 4380 Artoxerres
620 4313 728 4400 Rex,
756 4307 878 4382 eodem
904 4305 1082 4382 Antalcida
1110 4308 1283 4405 austore,

273 4420 402 4498 dudum
428 4429 662 4524 proposuerat:
686 4453 812 4530 eosque
825 4430 941 4532 reliqui
962 4430 1104 4521 Graeci,
1126 4412 1281 4531 exceptis

157 4565 160 4572 '
275 4548 669 4649 Thebanis,sequuntur.
728 4553 970 4631 eonditionum
983 4554 1062 4631 illud
1077 4577 1148 4632 erat
1174 4561 1280 4636 confi·

273 4675 377 4772 lium,
395 4696 434 4754 ut
448 4679 618 4755 Perhmm
632 4677 752 4773 opibus
769 4678 1107 4753 Lacedaemoniorum
1125 4685 1281 4776 potentia

277 4824 483 4900 augeretur:
513 4801 637 4879 summa
669 4804 754 4877 haec
783 4821 884 4894 erat,
917 4820 956 4879 ut
985 4803 1108 4878 Graeci
1135 4802 1276 4885 Asiatici

106 4928 114 5033 ζ
275 4925 338 5001 sub
356 4930 526 5004 Persarum
550 4928 745 5005 cederent
732 4926 929 5022 imperium,
961 4928 1077 5027 reliqui
1099 4933 1279 5009 omnesli·
1340 4967 1343 4971 ·

276 5049 400 5123 bertari
425 5053 698 5146 restituerentur,
722 5048 879 5148 exceptis
900 5053 1050 5144 Lemno,
1085 5055 1210 5155 Scyro,
1234 5059 1278 5139 a:

274 5174 415 5265 Imbro,
449 5197 534 5270 quae
562 5175 597 5250 in
619 5175 874 5252 Atheniensium
899 5175 1028 5254 ditione
1053 5202 1278 5264 remanerent.

270 5296 381 5400 Igitur
408 5276 663 5379 Lacedaemonii
697 5301 811 5383 denuo
861 5301 1022 5431 Graeciae
1065 5303 1274 5389 dominatum

1227 5426 1282 5511 af.
