2900 7100
257 1797 309 1886 ¹2
361 1720 810 1850 stn‘nun'nrrus
844 1761 1222 1844 rnonun‘rtus

290 1939 478 2017 institutum
500 1931 686 2009 &liberali
712 1935 806 2012 cultu
832 1937 996 2014 vestitum
1018 1957 1242 2038 ornatumque
1266 1944 1301 2018 in

297 2066 469 2145 hominum
496 2059 612 2134 oculos
640 2056 814 2139 educeret.
867 2062 934 2139 Cui
956 2060 1093 2161 quidem
1123 2088 1167 2138 eo
1197 2069 1304 2163 major
1343 2131 1350 2139 .

299 2185 450 2268 habenda
471 2197 524 2258 est
545 2179 671 2280 gratia,
695 2186 787 2282 quod
810 2209 878 2262 nou
906 2206 975 2261 tatu
997 2187 1056 2285 spe
1077 2188 1181 2264 laudis
1203 2207 1304 2290 quam

298 2317 427 2417 pietate
455 2333 533 2407 erga
563 2309 754 2408 magistrum
779 2312 866 2388 hauc
889 2311 1031 2409 suscepit
1048 2338 1201 2413 operam:
1219 2339 1304 2413 quae

300 2437 459 2539 profesio
479 2436 641 2533 ejusmodi
670 2459 768 2532 erat,
800 2457 841 2515 ut
871 2438 1067 2537 patientiam
1097 2440 1308 2538 laboremque

290 2567 493 2665 ,improbum
533 2564 567 2637 in
603 2564 795 2660 colligendis
832 2565 1138 2660 constituendisque
1180 2566 1307 2641 schediu

304 2690 554 2770 bunnannianis
575 2687 755 2780 exigeret,
780 2686 950 2782 voluptati
974 2690 1114 2762 veroin
1134 2690 1309 2787 proseren-
1344 2687 1347 2692 ’

268 2869 270 2876 .
302 2822 353 2895 dis
382 2811 523 2914 propriis
556 2808 683 2904 ingenii
718 2807 952 2904 speciminibus
988 2811 1099 2888 locum
1132 2818 1310 2913 praeberet

303 2941 473 3034 exiguum.
538 2934 626 3004 'l'res
651 2929 742 3007 enim
776 2956 871 3010 erant
894 2938 992 3037 hujus
1022 2963 1144 3035 operae
1167 2961 1310 3037 partes:

194 3160 200 3168 ι
305 3062 440 3163 prima,
480 3056 739 3134 conscribendae
768 3062 1011 3157 praefationis:
1043 3063 1207 3156 secunda,
1240 3066 1311 3140 illu·

305 3188 456 3267 straudae
477 3185 614 3262 ultimae
630 3182 797 3282 Elegiae,
827 3211 926 3288 quam
950 3188 1110 3263 intestam
1133 3191 1313 3291 reliquerat

299 3322 543 3394 Burmannus:
579 3312 705 3401 tertia,
739 3332 845 3409 eaque
866 3314 966 3413 longe
989 3315 1132 3389 maine
1156 3317 1316 3391 molestis·

308 3446 482 3540 srmaque,
522 3435 769 3533 conquirendae
799 3436 1066 3537 digerendaeque
1104 3431 1207 3542 par'tis
1242 3444 1316 3516 reli·

311 3588 396 3667 quae
429 3563 660 3636 commentarii
690 3566 952 3655 Bunrranniani,
990 3593 1075 3663 quae
1113 3567 1203 3667 typis
1236 3593 1318 3642 non·

311 3694 394 3767 dum
434 3708 506 3790 erat
555 3683 729 3781 descripta.
804 3689 990 3762 Enimvero
1036 3692 1214 3765 Santenius
1253 3714 1320 3766 tres

313 3819 383 3894 illas
406 3832 519 3914 partes
546 3811 594 3886 ita
620 3808 800 3906 explevit,
841 3829 880 3884 ut
909 3835 976 3886 non
1007 3831 1138 3887 tantum
1170 3816 1320 3891 ultimam

315 3939 497 4021 Btrrrnmni
519 3960 653 4010 manum
676 3935 850 4011 defiderari
873 3962 916 4012 ne
940 3960 1132 4038 pateretur,
1148 3939 1322 4014 sedetiam

314 4071 371 4145 sua
396 4066 465 4165 ipse
491 4061 641 4135 doctriua
667 4062 898 4160 elegantiaque
924 4065 1012 4139 haud
1037 4069 1209 4166 vulgarem
1233 4092 1326 4142 com·

315 4172 565 4270 mendationem
588 4187 668 4263 huic
692 4189 789 4283 operi
810 4189 1019 4288 adjungeret.
1348 4288 1352 4299 ¹

364 4315 511 4392 Primum
542 4312 647 4409 igitur
677 4313 888 4408 praefatione
929 4309 1032 4393 docte
1073 4341 1113 4392 ac
1140 4317 1328 4416 prudenter

316 4443 439 4542 scripta
463 4437 647 4535 exponitur
663 4434 706 4508 de
728 4436 896 4532 subsrdiis,
919 4464 1006 4538 quae
1028 4440 1070 4516 ad
1095 4444 1181 4529 hanc
1203 4446 1327 4522 editio·

320 4593 398 4646 nem
424 4563 572 4641 adhibita
601 4563 705 4639 sunt:
743 4589 886 4662 quorum
924 4569 1072 4644 recensio
1110 4597 1178 4645 non
1209 4597 1326 4667 parurn

320 4692 525 4772 difficultatis
550 4690 683 4766 Editori
698 4692 880 4788 praebuit,
911 4692 1001 4787 quod
1023 4718 1063 4767 ea
1084 4694 1151 4791 ipse
1166 4697 1329 4771 Burman·

320 4847 384 4894 nus
409 4847 478 4897 non
503 4817 661 4916 peculiari
683 4816 829 4911 quodam
855 4818 968 4894 indice
987 4817 1219 4915 descripserat,
1249 4845 1328 4895 ctun

321 4962 436 5018 tamen
467 4965 504 5018 et
532 4942 636 5018 multa
670 4960 708 5015 et
735 4943 824 5016 uaria
854 4942 974 5017 essent.
1039 4944 1160 5038 Nam,
1193 4950 1330 5045 ‘praeter

321 5069 514 5142 collationes
541 5067 699 5148 codicum
721 5067 892 5168 regiorum
917 5069 1169 5164 Parifiensrum,
1193 5073 1330 5150 Colbet·

315 5189 496 5280 tinorum,
529 5191 760 5286 Borrielriani,
784 5213 829 5269 ex
852 5196 971 5294 quibus
985 5219 1064 5295 post
1077 5195 1330 5289 ,Broukhusrum

287 5348 292 5365 ,
317 5336 407 5395 nova
421 5313 509 5389 luud
522 5337 630 5412 pauca
644 5318 805 5412 protulit:
828 5341 961 5443 praeter
988 5323 1047 5400 lus
1065 5321 1190 5422 igitur,
1211 5320 1330 5395 leclio·

1265 5468 1330 5523 nee
