2900 7100
610 1694 616 1704 '
680 1700 803 1796 rvr)

241 1871 384 1950 felicitas
411 1870 572 1968 quaedam
595 1869 650 1945 vel
668 1870 795 1971 ingenii
816 1872 871 1976 vel
890 1849 1073 1966 temporis..
1120 1829 1255 1947 inlibri

244 2015 443 2097 argumento
474 1996 692 2092 describendo
725 1995 764 2072 ἅ
793 1996 953 2071 Αυᾶοῑίε
982 1996 1115 2072 cousrlio
1145 1995 1252 2096 expli·

245 2124 382 2217 cando,
414 2121 566 2219 longiore
588 2148 673 2221 opus
700 2142 755 2198 est
783 2139 959 2220 tempore,
987 2123 1154 2224 ¹diligente
1182 2149 1253 2200 me·

243 2249 427 2340 ditatione,
463 2249 771 2348 &comparatione
792 2250 954 2324 rerumin
983 2267 1159 2349 utramque
1179 2277 1254 2350 par·
1333 2295 1340 2302 -

244 2392 342 2465 tem,
374 2395 415 2446 ac
446 2373 632 2450 sententiae
656 2376 793 2453 sollicita
825 2373 994 2473 tamquam
1020 2375 1082 2473 per
1107 2376 1252 2478 vestigia

243 2498 466 2598 indagatione.
519 2503 612 2608 Quid
635 2504 739 2602 igitur
758 2496 929 2569 fecimus?
962 2499 1154 2591 Nimirum,
1185 2525 1256 2576 me·

241 2625 330 2701 diam
354 2628 524 2721 tenuimus
547 2631 646 2701 uiam.
680 2624 767 2695 Nou
788 2620 923 2717 quidem
944 2646 1007 2698 nor
1031 2645 1075 2701 eo
1100 2626 1256 2723 consilio,

243 2772 284 2828 ut
309 2753 516 2828 studeremus
550 2747 727 2844 utrisque,
769 2744 808 2822 eir
841 2747 931 2847 apud
963 2767 1103 2827 neutros
1136 2753 1255 2829 malam

243 2878 383 2976 gratiam
408 2873 583 2948 iniremus:
609 2873 710 2967 louge
727 2873 818 2947 enim
842 2875 884 2948 ab
910 2872 970 2950 ista
996 2876 1175 2951 calliditate
1198 2878 1256 2952 ab·
1309 2854 1315 2868 ⁸

243 2999 381 3074 sumus:
411 2996 490 3088 scd,
519 2998 609 3096 quod
628 2997 696 3095 ipsa
713 3015 766 3071 res
783 2994 824 3073 ἃ
846 2998 971 3078 veritae
994 3000 1042 3077 ita
1064 2993 1259 3101 postularet.

123 3131 129 3138 '
226 3123 359 3213 Nam,
393 3146 472 3199 cum
507 3124 651 3200 critices
687 3147 728 3200 ea
758 3125 799 3201 fit
830 3126 938 3223 ratio,
967 3147 1051 3205 uta
1075 3127 1258 3206 verborum

241 3249 462 3345 intelligentia
476 3250 518 3322 ad
534 3271 646 3323 rerum
665 3250 836 3326 scientiam
857 3272 996 3350 pergat,
1021 3252 1078 3349 qui
1099 3252 1180 3327 solas
1204 3276 1258 3329 rer

243 3374 498 3462 consectantur,
512 3372 621 3448 veluti
633 3371 822 3489 aedificium
834 3375 903 3452 srne
916 3377 1143 3454 fundamentis
1158 3399 1261 3478 quae·

242 3515 340 3574 runt:
374 3495 431 3593 qui
449 3496 551 3572 unice
571 3497 607 3576 in
631 3499 744 3578 verbis
762 3501 921 3597 haerent,
946 3505 1089 3589 hiuero
1112 3506 1161 3584 lta
1182 3501 1261 3585 fur-¹

244 3625 400 3699 (lamenta
434 3640 589 3715 curant,¹
616 3644 656 3698 ut
689 3627 878 3705 aedificium
914 3631 955 3709 iis
993 3634 1117 3711 nullum
1145 3631 1260 3731 super·

245 3746 386 3826 struant.
443 3747 559 3853 Quare
580 3749 698 3842 viam,
730 3775 831 3848 quam
855 3756 943 3831 haud
968 3776 1098 3832 temere
1122 3752 1259 3854 ingressi

245 3874 376 3967 sumus,
402 3873 543 3949 eandem
565 3871 654 3951 haud
677 3896 805 3952 temere
820 3879 1072 3978 persequamur:
1253 3874 1257 3879 ¹

348 4158 355 4172 .
391 4103 530 4225 Α’ὐτᾶς
557 4099 643 4213 iprir
661 4112 842 4219 βασεῧμαε
859 4108 946 4218 iper
966 4100 1051 4204 ilai·

227 4448 230 4455 ,
249 4368 429 4467 Sequitur,
451 4383 491 4440 ut
513 4386 573 4438 eos
588 4365 776 4464 placemus,
790 4366 815 4442 st
830 4369 887 4468 qui
903 4365 996 4443 forte
1009 4386 1134 4467 putent
1148 4367 1183 4444 se
1200 4367 1264 4445 ini·

249 4498 346 4596 quius
364 4521 383 4570 a
402 4491 643 4570 nobirhabitoa
662 4494 745 4571 ease.
781 4496 879 4604 Quos
899 4520 963 4574 nee
983 4497 1172 4582 nominare,
1197 4516 1268 4568 nec

249 4619 463 4719 peculiariter
483 4643 652 4720 quemque
666 4621 885 4715 compellare,
910 4617 1044 4692 attinet.
1098 4616 1268 4695 Universe

250 4745 380 4821 dixisse
389 4747 475 4819 latis
490 4762 554 4818 est.
604 4742 705 4830 Nos,
735 4765 843 4839 quum
858 4739 901 4815 ad
916 4739 1014 4813 hanc‘
1023 4737 1266 4822 Bibliothecam

247 4870 453 4948 scribendam
477 4868 625 4944 animum
647 4866 888 4966 adjiceremus,
921 4866 1030 4963 legem
1054 4870 1152 4945 nobis
1178 4871 1265 4949 dixi·

254 5019 350 5082 mere,
376 5014 415 5069 ut
437 4993 481 5070 de
502 4990 653 5072 laudibus
668 4991 708 5070 Gr
722 4992 817 5068 vitiis
839 4991 996 5069 librorum
1015 5018 1266 5095 exponeremus

251 5118 374 5212 libere,
398 5144 504 5216 vere,
535 5122 574 5201 ἃ
598 5137 767 5200 accurate.
818 5118 930 5229 Quam
955 5118 1072 5219 legem·
1090 5139 1130 5196 ut
1152 5120 1266 5196 fincte

1196 5245 1262 5321 ser·
