2900 7100
300 1666 618 1754 nocuaiunu.
643 1667 779 1744 trun
803 1665 882 1744 uu.
909 1665 977 1744 uu
1003 1668 1132 1771 uour.
1183 1699 1250 1771 103
1280 1643 1284 1650 “

250 1864 301 1932 tar
324 1844 471 1919 versetur
487 1843 559 1918 ,erse
585 1842 641 1916 vel
663 1839 786 1916 inarrli
802 1840 985 1939 Polycratia
1002 1842 1125 1935 Samii,
1139 1845 1246 1924 homi.

249 1972 300 2046 nir
319 1966 549 2066 voluptatibus
570 1963 695 2056 dediti,
719 1968 776 2042 vel
791 1984 883 2041 certe
899 1988 944 2042 ex
965 1966 1118 2046 Afraticir
1129 1974 1248 2050 Grae

247 2097 294 2170 cir
318 2093 446 2182 fuisse,
476 2092 518 2166 ad
532 2115 616 2191 quur
635 2089 787 2170 luxuriae
809 2112 850 2168 ac
868 2089 1017 2168 mollitiei
1039 2098 1200 2199 contagio
1224 2122 1244 2176 t

245 2219 365 2296 vicinis
386 2217 492 2316 Lydis
512 2216 676 2292 manavit'
679 2215 786 2316 ’.(g)

289 2344 366 2419 Lib.
381 2344 427 2418 II.
453 2339 633 2433 DrJonitri
649 2339 815 2436 Philosoph
817 2340 901 2432 iu,
903 2341 981 2430 ‚Ex
1003 2269 1054 2418 iiis
1078 2345 1239 2422 Graeciae

230 2468 453 2565 Sapientibur
476 2491 582 2558 unus,
608 2461 648 2539 ἃ
669 2463 837 2561 ereliquia
856 2466 1003 2562 primus,
1027 2467 1094 2544 fuit
1116 2470 1241 2555 Thalen

241 2593 392 2670 Milefius
415 2592 496 2690 (ir),
518 2589 576 2687 qui
600 2586 781 2684 inquireret
801 2587 845 2664 de
863 2612 972 2666 rerum
993 2611 1090 2683 ortu,
1112 2595 1243 2694 magni·

240 2717 412 2795 tudine&
425 2737 521 2793 motu
539 2715 714 2803 Siderum,
735 2712 861 2794 Animo
882 2714 1047 2808 humanu,
1069 2714 1107 2793 ἃ
1123 2717 1241 2794 funda·

238 2860 351 2918 menta
375 2843 505 2937 jaceret
543 2837 770 2918 Geometriae.
819 2841 951 2918 Harum
980 2864 1092 2918 rerum
1125 2844 1242 2941 cogni.

233 2966 361 3042 tionem
375 2990 436 3062 per
454 2965 654 3062 colloquium
671 2962 710 3037 ἃ
734 2962 1006 3072 consuetudinem
1023 2991 1100 3043 curn
1122 2969 1236 3046 amicir

234 3086 515 3177 communicavit,
550 3111 702 3183 quorum.
715 3084 912 3184 praecipuus
940 3087 1007 3164 fuit
1027 3092 1235 3169 Anaximan-

233 3211 303 3289 der.
328 3212 410 3287 Nec
424 3211 512 3286 enim
533 3212 673 3286 scholam
689 3210 826 3303 habuit,
850 3209 941 3307 quod
954 3236 974 3286 a
987 3213 1151 3311 Sophistis
1175 3218 1235 3298 de·

189 3328 192 3336 ’
233 3360 325 3410 mum
347 3322 548 3414 sanitatum.
579 3340 661 3413 Nec
683 3335 783 3410 libros
802 3333 943 3432 scriptor
963 3338 1113 3436 reliquit:
1139 3344 1231 3441 quod

230 3461 398 3563 colligitur
423 3484 500 3534 curn
522 3484 566 3537 eu
580 3458 784 3551 Aristotele,
801 3459 849 3534 ita
870 3461 942 3561 eJus
962 3461 1081 3561 placita
1101 3489 1228 3542 memo-

229 3607 345 3679 rante,
360 3605 399 3661 ut
409 3610 492 3684 quae
508 3612 576 3665 non
590 3611 634 3663 ex
649 3584 748 3686 ipfius
762 3584 909 3683 scriptia,
924 3586 980 3662 sed
997 3610 1040 3663 ex
1049 3589 1230 3667 memoriae

230 3714 425 3807 traditione,
453 3708 673 3812 repetantur:
704 3731 819 3787 tume
847 3712 1026 3789 Plutarcho
1048 3716 1165 3799 mul.
1187 3745 1225 3819 p.

226 3863 309 3932 402.
333 3841 391 3936 qui
409 3839 534 3935 primus
551 3836 756 3913 mentionem
776 3835 860 3911 fecit
878 3837 950 3912 libri
972 3841 1143 3936 Thaletis,
1165 3843 1223 3934 scd

225 3962 295 4055 itu,
320 3976 359 4037 ut
380 3984 457 4036 eum
479 3963 625 4062 spurium
644 3959 808 4062 judicasse
832 3960 987 4042 videatur
1010 3969 1068 4070 (i).
1117 3973 1222 4064 Nec,

269 4274 315 4354 (ir)
339 4279 380 4337 iir
405 4275 514 4356 quidem
535 4275 693 4354 pervulgata
716 4275 866 4341 sententia:
891 4292 962 4354 quae
987 4277 1026 4338 lte
1040 4276 1242 4357 recipienda,'
1309 4296 1312 4303 ·

219 4391 276 4434 non
295 4389 326 4434 ut
348 4376 450 4451 primus
469 4380 589 4437 omnium
608 4376 710 4442 fuerit,
735 4374 779 4437 sed
804 4387 836 4436 ut
853 4374 1022 4454 superiorum
1043 4378 1140 4439 lunum
1166 4380 1218 4441 oh·
1241 4380 1244 4385 '

221 4474 377 4531 icuraverit
428 4471 492 4532 vid.
515 4471 586 4531 idem
615 4469 836 4546 prudentissimus
867 4473 980 4551 scriptor
1005 4474 1215 4553 Theophrastut

218 4587 261 4647 ap
275 4569 394 4647 simplic.
412 4569 441 4627 ln
464 4569 550 4630 ilrnt.
567 4567 647 4644 Phys.
673 4586 700 4644 p
724 4576 755 4631 6
1337 4578 1340 4583 '

234 4664 431 4743 ·i()iieite
459 4682 494 4726 ex
519 4666 671 4727 Aristotele
698 4678 883 4745 argumentrun
905 4666 1026 4735 ducitur.
1080 4610 1211 4732 Ceterum

214 4766 261 4827 lile
280 4766 389 4825 Thaleti
405 4762 538 4840 adsignata
554 4764 652 4841 scriptu
668 4766 817 4825 accuratius
835 4765 1024 4844 distinguenda
1040 4765 1123 4827 lunt:
1148 4781 1213 4833 nam

218 4867 336 4925 Carmen
357 4862 397 4923 de.
413 4859 531 4919 Neruico
558 4855 706 4936 AJirrirgiu
729 4862 884 4941 apiarium
905 4864 1002 4929 ierim
1018 4878 1093 4925 erat.
1108 4864 1208 4927 librum

217 4961 362 5025 iucundum
387 4957 418 5016 rie
432 4956 575 5032 Principiis
591 4959 696 5033 lrudat,
712 4958 738 5019 ir
759 4961 848 5025 lotum
867 4960 953 5024 suiurt
969 4961 1101 5027 oratione.
1117 4978 1155 5031 tt
1169 4979 1207 5025 eu

215 5059 314 5130 refert,
335 5059 427 5120 ruitur
447 5061 475 5119 ln
498 5059 591 5137 primis
604 5057 738 5134 maraht,
763 5060 904 5132 Gelenius,
928 5062 966 5122 Τ.
984 5061 1067 5121 viii.-
1080 5080 1109 5138 μ.
1125 5077 1203 5134 star

216 5155 252 5214 rie
272 5159 348 5231 cuiue
368 5158 526 5217 austeritate
536 5173 609 5217 nuuc
630 5175 685 5218 non
700 5155 850 5221 statrrimur.
887 5160 959 5221 Satio
984 5158 1067 5221 multu
1080 5159 1116 5221 de
1130 5158 1206 5227 Tha,-

215 5252 276 5318 lah
310 5254 417 5335 scripo'r
440 5253 607 5332 nimau-m
627 5256 722 5421 1λέ
745 5257 778 5327 1,
803 5271 856 5331 27·
881 5255 907 5319 ir
935 5258 1045 5321 Frhric
1063 5260 1098 5321 Β.
1126 5256 1206 5315 (Μ.
