2900 7100
262 1727 265 1732 ·
328 1671 713 1784 lt-nin'aionns
742 1667 1092 1782 nlrbvronns:
1141 1695 1212 1803 1217

220 1877 497 1957 emmuniubat
546 1860 588 1950 ln
616 1855 847 1964 'concionando
875 1874 1030 1972 quantam
1053 1856 1217 1961 ssrbtilitas

220 2016 291 2080 tem
311 2000 532 2101 popularitate
553 1998 593 2077 dr
607 1998 774 2098 gravitate
794 2017 1032 2097 temperatam,
1057 2013 1226 2101 quautam
1346 2027 1349 2032 ·

217 2129 259 2206 dt
291 2148 400 2203 rerum
426 2126 465 2203 dc
494 2128 673 2202 verborum
705 2125 837 2219 copiam
867 2142 1065 2220 argumento
1089 2126 1212 2228 cuique

220 2253 504 2330 accommodatam
519 2281 547 2350 ,
571 2244 781 2335 exseruerit3
820 2244 968 2322 alienum
991 2250 1032 2322 fit
1064 2252 1214 2346 pluribus
1301 2241 1308 2255 ’

215 2350 489 2454 sommunorares
536 2366 621 2442 Illud
659 2366 856 2446 dissimulare
890 2394 959 2447 non
988 2371 1096 2463 licet,¹
1137 2376 1213 2470 plus

222 2496 383 2595 temporis
408 2514 486 2569 eum
507 2495 543 2568 in
573 2484 832 2569 commentando
855 2494 1062 2587 absumsisse,
1093 2500 1215 2593 quam,

220 2641 283 2724 pro
300 2622 374 2698 istis
399 2615 607 2719 eloquentiae
634 2615 825 2716 praefidiis,
848 2619 890 2695 ab
911 2643 955 2696 eo
974 2620 1096 2718 requiri
1121 2620 1218 2698 vide·

221 2768 341 2835 retur‚·
365 2745 482 2822 inhoe
503 2743 604 2819 etiam
619 2741 729 2818 smilis
752 2753 874 2842 magno
898 2744 1052 2839 Clarkio,
1075 2746 1132 2823 cni
1147 2761 1218 2824 noll
1289 2793 1297 2808 ·

219 2870 386 2947 suffecisse
407 2866 535 2944 constat
552 2869 649 2944 unius
672 2868 889 2945 hebdomadis
907 2869 1047 2968 spatium
1071 2871 1216 2959 adcon·

220 2995 393 3070 finiendam
427 3018 526 3069 unam
561 2994 747 3070 orationem
784 2994 1068 3088 ecdefiasticam3¹
1106 3015 1219 3094 neque

220 3119 309 3193 enim
332 3118 447 3216 juvari
474 3129 690 3217 quemquam,
716 3118 874 3211 edoceri,
905 3121 1026 3195 finnari
1040 3174 1052 3211 ,
1065 3120 1218 3211 incitati,¹

222 3242 333 3340 erigi,
364 3261 478 3315 noster
505 3242 715 3315 existimabat
738 3239 917 3316 recitandis
939 3244 1006 3335 iis,
1037 3266 1122 3343 quae
1144 3241 1218 3315 uni-²
1349 3263 1353 3270 ·

223 3368 344 3463 tuique
378 3366 539 3438 ateneris
568 3364 808 3454 innotuissent3
839 3362 937 3439 facile
965 3377 1053 3469 'veto
1084 3361 1218 3441 effundi

221 3491 302 3565 tales
328 3488 519 3582 sermones,
543 3489 600 3564 sed
621 3512 744 3587 magno
764 3504 842 3564 cum¹
864 3487 1053 3568 auditorum·
1069 3481 1194 3568 damno
1198 3510 1214 3584 ,³
1232 3491 1244 3500 ’“

222 3616 280 3712 qui
302 3614 486 3691 officiorum
508 3639 577 3690 non
609 3613 686 3691 latis
715 3618 995 3707 admonerentur,
1026 3620 1121 3689 certe
1143 3636 1215 3694 non

221 3742 469 3832 edocerentur,-
501 3739 580 3835 quid
608 3739 695 3812 esset
719 3762 838 3815 verum
869 3739 904 3810 in
928 3737 1027 3810 rebus
1050 3739 1218 3833 summis,-

217 3866 296 3962 quid
321 3863 502 3941 tenendum
528 3858 567 3934 dc
590 3885 651 3933 cur
671 3863 854 3935 tenendum
876 3859 980 3944 esset,
1004 3861 1070 3955 qui
1093 3862 1152 3936 via
1173 3865 1215 3941 dc

218 3988 398 4063 rationein
421 3983 588 4078 religionis
615 3981 828 4076 cognitione,
852 3980 972 4055 adtritis
994 3985 1129 4079 quidem
1153 3987 1219 4064 ho·

218 4109 361 4182 minibus
383 4105 503 4200 digni,
527 4102 711 4200 quibusque
736 4102 827 4178 vitae
846 4102 1004 4180 institutis
1020 4107 1056 4183 in
1076 4111 1216 4190 virtutis

219 4230 422 4306 Christianae
444 4228 573 4320 studio,
604 4227 729 4323 usuque
760 4229 944 4322 continuo,
967 4235 1213 4329 proficiendum

219 4355 330 4430 esset:
380 4379 478 4451 quam
511 4354 644 4450 quidem
673 4350 914 4429 institutionem
942 4357 1213 4464 disciplinamque

217 4479 345 4575 optime
361 4499 405 4550 ex
424 4479 482 4550 suo
496 4478 594 4573 iplrus
618 4476 677 4547 usu
700 4479 886 4569 promebat.
935 4483 1006 4585 Qui
1025 4509 1123 4561 unam
1138 4490 1212 4582 ejus

219 4599 417 4674 concionem
450 4599 622 4689 audisset,
662 4596 742 4693 quin
778 4599 890 4676 animo
917 4621 1070 4679 uteretur
1094 4605 1214 4683 nostet'

219 4746 300 4799 vere
323 4722 510 4798 Christiano
531 4725 694 4821 planeque
715 4724 948 4825 Theologico,
971 4730 1123 4805 dubitare
1137 4756 1206 4809 non

216 4869 373 4946 poterat,
396 4848 486 4946 quod
505 4847 593 4924 idem
617 4848 723 4925 omnis
743 4853 814 4946 ejus
836 4855 907 4928 vita
924 4856 1090 4932 clamaret.
1121 4860 1215 4951 Mo·¹

217 4973 363 5069 ribundis
386 4972 498 5046 amicis
524 4973 676 5049 lubenter
702 4977 836 5069 aderat,
868 4981 1006 5080 ejusque
1030 4985 1208 5081 alloquium
1300 5072 1303 5079 ¹
1342 5006 1347 5031 ¹

217 5097 251 5168 in
276 5099 317 5167 eb
340 5099 450 5174 caudi
473 5123 493 5173 a
514 5100 677 5175 nonnullis
706 5103 898 5199 expetitum
927 5125 989 5183 est.
1041 5107 1207 5211 Stiglitius
1333 5162 1340 5173 -

215 5220 437 5313 nominatim,
470 5246 570 5321 quem
593 5222 631 5299 dt
656 5221 761 5321 ipsum
789 5231 917 5328 adjuvit
944 5233 1217 5318 moribundum,

1102 5362 1206 5451 quum
