2900 7100
270 1697 654 1809 nnnrnro‘uns
684 1703 1030 1802 nnuvlonnd·
1089 1706 1160 1819 ὴὲ

171 1892 234 1995 tle,
257 1907 324 1975 norl
345 1893 640 1997 intemperanti&
662 1900 762 1974 cruda
787 1898 837 1973 illa
854 1918 955 1996 atque
970 1892 1156 1997 indigesta,

168 2027 225 2101 sed
252 2048 347 2122 quarn
374 2025 633 2123 composuisset,
657 2020 827 2115 linxisset,
843 2036 884 2096 ac¹
906 2042 1038 2121 regeret
1061 2017 1155 2119 cogi·

149 2152 295 2227 tatione
321 2143 471 2239 adfidua‘,
494 2150 635 2244 plurimo
657 2151 769 2219 ‘rerum
794 2150 875 2235 usu,
899 2147 1043 2223 docendi
1066 2146 1160 2221 deni·

165 2281 289 2372 queue
313 2272 474 2345 scribendi
496 2288 658 2364 perpetua
680 2267 943 2357 exercitatione3
968 2271 1161 2348 memoriam

167 2403 302 2485 autem,
326 2393 421 2489 ‘cujus
443 2390 577 2488 vigeret
603 2388 642 2465 dr
667 2390 850 2469 tenacitate
878 2389 1094 2467 &facilitate
1117 2410 1158 2471 ac¹

168 2518 340 2594 deleritate
356 2516 509 2612 egregia,
535 2514 620 2588 adeo
636 2517 736 2592 fidam
762 2516 818 2590 stb'i
834 2516 873 2593 dr
896 2517 1094 2616 officiosum,
1119 2537 1160 2591 ac

168 2651 265 2716 velut
300 2640 392 2715 dieto
417 2639 606 2715 audientem
626 2668 666 2719 ac
691 2662 856 2742 promtam
879 2642 1094 2733 reddidisset,
1119 2658 1159 2715 ut

169 2771 212 2842 ab
239 2789 278 2841 ea
307 2787 373 2841 non
398 2766 525 2838 temere
549 2768 816 2861 destitueretur,
857 2771 1008 2868 essetque
1041 2765 1093 2842 illa
1125 2764 1159 2842 ei

166 2893 380 2990 plurimorum
401 2891 499 2965 instar
523 2892 771 2988 thesaurorum,
795 2897 905 2993 quales
931 2895 984 2969 alii
1010 2916 1072 2991 per
1095 2892 1159 2966 otii

167 3018 401 3091 abundantiam
428 3016 608 3113 colligere,
647 3017 836 3113 scriniisque
866 3018 957 3109 suit,
998 3018 1088 3092 unde
1112 3011 1163 3089 sai*

168 3145 282 3237 piant,
315 3142 456 3215 inserere
480 3138 743 3217 consueverunt:
770 3144 924 3216 nimirum
948 3142 1024 3237 quia
1051 3142 1163 3232 omnia

169 3265 301 3363 legebat
325 3289 403 3337 cum
435 3265 549 3354 sensu,
581 3264 775 3353 notatione,
794 3264 832 3340 dc
859 3264 934 3338 usus
956 3264 1039 3337 varii
1065 3262 1167 3362 desti7

145 3357 308 3462 'natione
323 3396 364 3459 dc
388 3388 483 3460 velut
510 3388 820 3483 repraesentatione
872 3391 998 3463 Animo
1019 3388 1164 3484 denique

174 3514 247 3610 ejus
280 3511 358 3586 nihil
389 3511 605 3609 generosius,
637 3510 715 3585 nihil
747 3515 913 3610 sanetius,
953 3513 1166 3593 innocentior

175 3638 254 3709 nihil
284 3656 366 3712 crat.
425 3641 612 3715 Contemtis
645 3642 872 3736 voluptatibus
914 3636 1029 3735 lipere
1067 3636 1165 3711 ausui

173 3759 301 3850 fuerat,
325 3764 469 3834 laborare
499 3763 688 3853 didicerat,
726 3766 903 3837 laborando
925 3763 1080 3857 prodesse
1103 3760 1165 3856 pu⁵¹

171 3886 255 3977 blice
277 3887 500 3984 privatimque
524 3888 768 3978 concupierat3
801 3909 865 3958 nec
886 3905 970 3957 vero
993 3883 1027 3955 id
1052 3883 1094 3955 ad
1112 3881 1162 3956 fa·

169 4032 257 4081 mam
293 4008 487 4098 laudemque
520 3997 717 4096 referebat,
756 4007 811 4080 sed
843 4007 885 4081 ad
928 3998 1164 4080 conscientiam

170 4127 271 4218 recti,
299 4149 397 4224 quem
422 4149 538 4200 verum
556 4128 622 4201 Dei
644 4130 771 4206 cultum
787 4133 932 4228 putaret.
984 4131 1101 4204 Sensus
1120 4121 1167 4204 de'
1251 4184 1261 4231 .·

175 4254 351 4352 religione,
367 4279 450 4352 quus
468 4253 522 4325 vel
546 4253 677 4326 in'nntos
704 4261 759 4332 vel
776 4258 971 4332 informatos
990 4255 1164 4333 educatio-³

171 4381 221 4454 nis
248 4378 412 4451 beneficio
444 4383 678 4475 concepisset,
711 4384 839 4453 ratione
869 4383 976 4473 duce,
1009 4384 1167 4457 coelestis

171 4503 323 4577 veritatis
350 4501 560 4594 adjumento,
593 4502 786 4575 induitione
814 4504 957 4600 denique
983 4505 1022 4579 dt
1048 4506 1163 4577 adsue-¹

174 4623 309 4712 tudine,
335 4622 380 4694 ita
403 4644 565 4716 auxerat,
602 4625 813 4714 emendarat,
847 4631 1095 4713 corroboratur,
1122 4640 1165 4700 ut'

174 4749 301 4844 pictate
320 4746 353 4820 iu
373 4751 506 4839 Deum,
532 4771 641 4823 rcrum
664 4751 850 4826 divinarrmr
874 4751 1004 4841 studio,
1029 4750 1167 4826 virtuti&

176 4876 282 4948 omnis
301 4898 413 4946 amore
434 4874 471 4948 dr
496 4877 573 4947 curi
594 4875 684 4951 fideli
705 4900 745 4949 ac
766 4877 926 4975 fimplici‚
941 4877 1051 4952 omnin
1066 4879 1166 4955 meti·

177 5017 278 5072 retur.
336 5001 430 5073 Huic
460 4999 569 5073 anirno
596 5021 663 5074 tam
696 5004 826 5075 excelso
861 5002 1018 5080 idoneum
1049 5020 1164 5084 natum

176 5120 376 5198 domicilium
403 5126 538 5197 dederat
556 5181 566 5211 ,
592 5150 711 5222 corpus
731 5151 796 5199 non
821 5129 908 5203 exile
928 5112 1006 5207 illud
1028 5132 1067 5210 dt
1085 5135 1167 5210 viri·

178 5248 238 5320 bus
261 5247 387 5338 debile,-
413 5248 465 5320 fed
489 5254 522 5324 in
534 5253 624 5348 justa
645 5252 770 5326 lleturu
785 5253 1170 5354 eximiaquedignitatc,

748 5389 757 5432 ¹
1017 5382 1170 5475 firmum,-

1102 5650 1246 5714 Δ
