2900 7100
540 1585 563 1628 ἱ
595 1577 600 1584 .

243 1723 252 1746 ’
300 1716 1058 1855 unnbrrounsnunvrouns
1128 1803 1202 1875 ηρ

148 1917 155 1944 ⁸
192 1945 252 2044 51¹5
274 1946 410 2032 edendis
433 1949 691 2049 Xenophonteis
719 1947 811 2024 libris
833 1950 921 2024 bene
947 1948 993 2024 de
1029 1947 1200 2027 litemnrm

192 2070 306 2148 studiis
328 2095 522 2169 merentur,
547 2077 640 2149 locus
656 2098 725 2152 non
748 2094 801 2149 ert
824 2073 1038 2174 denegandus
1055 2076 1200 2154 Zcunio.

190 2187 427 2292 Nam-licet
453 2201 603 2277 nondum
624 2222 665 2275 ea
693 2202 729 2274 in
752 2221 796 2273 eo
820 2198 907 2273 inest
929 2199 1101 2277 doilriuae
1123 2223 1202 2302 per·

190 2319 328 2418 fastu,
341 2350 408 2422 qua
429 2326 622 2422 interpretis
654 2326 802 2402 officium
825 2324 1026 2422 expleatur3
1055 2331 1199 2405 multum

189 2463 307 2520 tamen
334 2446 519 2544 adjumenti
547 2449 662 2523 attulit
686 2448 849 2525 tironibus
874 2446 919 2522 ud
948 2446 1199 2546 intelligentiam
1331 2496 1335 2502 -

190 2569 314 2666 borum
334 2571 511 2664 librorum,
538 2569 579 2649 dt
603 2569 783 2670 specimina
803 2568 954 2672 prodidit
969 2570 1058 2650 baud
1079 2578 1199 2653 obren-

190 2720 253 2808 ra,
287 2705 335 2772 εκ·
351 2698 471 2795 quibus
490 2699 577 2773 bene
600 2693 647 2769 de
668 2715 712 2771 eo
734 2694 966 2798 inposterum
989 2720 1201 2800 augurentur.

189 2819 284 2893 Libri
311 2821 414 2915 suut,
446 2826 491 2902 de
521 2818 710 2918 Republica
746 2820 1123 2917 lacedaemoniorum,
1157 2822 1202 2900 de
1224 2829 1229 2838 '

188 2946 281 3045 Rep.
304 2935 578 3040 Atheniensium,
602 2948 646 3021 de
669 2944 903 3044 vectigalibus
920 2948 1201 3044 Atheniensium,
1296 2957 1311 2992 s

189 3070 234 3146 de
255 3075 313 3151 Re
337 3074 518 3170 Equestri,
550 3075 593 3149 de
615 3069 821 3167 Magisterio
846 3073 1031 3168 Equitum,
1054 3073 1098 3148 de
1122 3074 1199 3151 Ve-

190 3199 352 3285 natione3
376 3219 442 3290 ut,
468 3224 546 3273 cum
569 3197 683 3271 Baebii
705 3193 880 3284 editione,
911 3196 982 3290 jam
1008 3218 1123 3268 omnes
1139 3196 1201 3272 mi·
1358 3179 1361 3184 ¹

191 3346 292 3402 nores
317 3321 557 3420 Xenophontis
581 3324 681 3399 libros
706 3318 837 3394 duobus
861 3317 1083 3419 peculiaribus
1106 3321 1202 3395 volu·

148 3463 153 3480 ·
190 3445 335 3522 minibus
362 3447 553 3525 babeamus.
619 3448 736 3543 Atque
768 3446 852 3520 baec
873 3443 1052 3544 praecipua
1090 3444 1204 3524 caussis

189 3573 293 3650 fuisse
316 3573 473 3665 videtur,
506 3598 607 3672 quare
627 3574 776 3650 Zeunius
794 3575 880 3650 banc
902 3571 1085 3667 editionem
1099 3571 1202 3648 susci·

191 3718 299 3799 peret.
354 3700 448 3774 Nam
479 3699 518 3777 dt
548 3720 782 3801 argumentum
814 3697 978 3776 difficilius
1005 3702 1201 3797 plerumque

190 3846 268 3919 est,
301 3851 400 3926 quam
423 3847 463 3904 ut
485 3827 626 3926 ingeniis
651 3827 824 3912 tionum,
850 3826 971 3919 quibus
987 3825 1072 3898 baec
1100 3845 1202 3921 opera

191 3975 382 4053 comparata
412 3975 495 4047 est,
530 3953 823 4030 accommodatum
849 3950 919 4023 esse
945 3947 1126 4025 videatur:
1160 3949 1202 4027 dc

190 4082 400 4179 corruptelae
415 4079 492 4155 sunt
518 4081 629 4178 plures
651 4079 907 4177 gravioresque,
923 4102 1022 4176 quam
1059 4076 1095 4150 in
1126 4078 1202 4150 reli·

190 4204 264 4303 quis
287 4205 545 4305 Xenophonteis
570 4202 708 4302 scriptis.
759 4206 887 4303 Neque
911 4224 997 4282 vero
1018 4201 1061 4278 ad
1086 4201 1202 4279 ledlio·

190 4328 242 4404 nis
274 4330 448 4405 sanitatem
477 4329 713 4404 restituendam
739 4329 860 4405 Editor
895 4329 1012 4407 babuit
1037 4330 1093 4404 vel
1122 4327 1201 4403 scri·

190 4473 271 4551 ptos
285 4454 442 4538 codices,
466 4455 523 4524 vel
546 4448 683 4521 subsidia
699 4473 758 4537 eu,
773 4471 860 4544 quae
880 4470 899 4518 a
915 4451 1086 4524 dodlrinae
1102 4453 1201 4548 copia

191 4577 233 4655 <u
262 4572 391 4675 ingenii
406 4571 663 4646 exercitatione
697 4569 967 4667 proficiscuntur.
1023 4575 1074 4647 At
1105 4576 1205 4655 editis

191 4700 282 4779 libris
315 4697 494 4799 diligenter
521 4695 599 4771 usus
632 4714 716 4789 est,
748 4695 787 4774 dc
811 4693 901 4770 baud
926 4719 1002 4771 raro
1024 4697 1203 4796 impeditos

193 4831 285 4907 lotos
302 4827 443 4905 Atticae
462 4821 710 4901 consuetudinis
733 4823 771 4900 dr
797 4825 1045 4901 Grammatfcte
1064 4823 1202 4903 rationis

192 4953 425 5032 observatione
451 4950 638 5052 expedivit.
681 4957 850 5029 -Ceterum
870 4950 905 5027 in
924 4950 1070 5028 Politicis
1087 4953 1209 5029 libellis·

191 5078 324 5158 facilior
345 5095 417 5148 emt
440 5102 551 5153 rerum
571 5078 752 5178 explicatio
772 5108 784 5172 3
808 5078 899 5178 quod
933 5079 1041 5177 plures
1077 5080 1120 5155 de
1142 5105 1200 5157 eo·

196 5207 275 5282 dem
304 5225 502 5303 argumento
534 5208 683 5283 Veteres
709 5202 1000 5306 Recentioresque
1033 5210 1089 5283 vel
1121 5233 1199 5306 pro·
1307 5210 1309 5215 '

177 5310 375 5428 ‘ustrou
394 5330 453 5411 vet
478 5329 886 5432 uooperaserpnsent.
933 5331 1116 5411 Difficilius
1130 5341 1218 5519 elgar
1359 5407 1362 5415 .

285 5506 288 5513 .
751 5458 769 5533 1
1173 5468 1205 5517 er
