2900 7100
341 1675 720 1813 nonistorum
753 1677 1091 1815 ausurouns
1146 1757 1215 1835 ης
1356 1739 1359 1744 ·

221 1912 319 2014 ponit
333 1927 371 1996 et
387 1908 556 1984 convertit
574 1901 615 1981 a'd
633 1908 734 1984 linem
752 1908 917 2006 Logicae,
938 1911 998 2008 qui
1016 1912 1142 2008 positus
1162 1933 1216 1991 est
1324 2011 1330 2024 .

221 2033 448 2126 indosninae
473 2032 695 2130 praestantia:
730 2052 766 2107 et
794 2031 869 2108 sunt
896 2034 993 2131 hujus
1018 2041 1121 2134 partis
1148 2041 1219 2117 duo
1251 2099 1255 2108 ,

222 2160 357 2258 capita,
400 2161 540 2235 alterum
565 2159 608 2234 de
631 2161 768 2257 ingenio
796 2157 975 2243 acuendo,
1009 2163 1149 2243 alterurn
1174 2169 1219 2244 de

175 2301 177 2306 '
219 2277 583 2372 fontibus'doblrinae‚
618 2280 855 2375 Experientia,
888 2269 1070 2380 Lettione,
1102 2293 1220 2369 Medi-

218 2407 376 2481 tatione:
407 2403 554 2499 quibus,
589 2401 685 2473 velut
713 2398 945 2476 admonitionis
976 2406 1052 2512 loco
1082 2415 1220 2489 tertium

219 2519 394 2629 subjicitur
426 2526 469 2601 de
499 2527 662 2602 Fontibus
690 2526 860 2603 Errorum.
927 2527 1109 2604 Rationem
1135 2556 1221 2608 vero
1334 2559 1343 2573 ·

220 2681 295 2733 eam
319 2649 451 2730 sec'utus
476 2669 548 2742 ert,
577 2670 616 2727 ut
640 2654 689 2728 ita
715 2675 788 2726 rem
816 2675 981 2751 quamque
1012 2654 1123 2750 primo
1137 2659 1223 2735 loco

219 2798 383 2881 poneret,
417 2777 531 2876 prouti
556 2778 612 2855 vel
628 2779 744 2854 natura
763 2778 820 2853 sua
835 2754 892 2852 vel
905 2780 1029 2856 mentis
1043 2781 1223 2880 cogitatio-

218 2929 263 2982 ne
286 2904 379 3004 prior
400 2903 506 2980 esset:
531 2923 568 2978 et
591 2924 650 2995 ut,
681 2904 827 2981 Platonis
845 2906 1020 3005 exemplo,
1045 2907 1221 3005 utriusque
1336 2927 1354 2938 ·'

218 3029 379 3108 Methodi
400 3030 495 3104 usum
514 3023 748 3129 expromeret,
770 3033 811 3106 ad
832 3055 976 3129 eumque
996 3055 1112 3107 omnes
1134 3035 1218 3107 Dia·

217 3155 352 3229 leslicas
375 3154 465 3248 leges
489 3174 674 3228 revocaret.
725 3159 851 3245 Porro,
874 3176 993 3228 vetera
1019 3177 1098 3227 cum
1120 3154 1219 3229 novis

218 3280 266 3355 ita
292 3278 490 3375 conjunxit,
515 3297 555 3350 ut
583 3254 626 3351 err
644 3278 793 3373 utrisque
814 3279 941 3374 optima
963 3298 1115 3374 quaeque
1132 3278 1219 3351 assu·

218 3422 346 3490 meret,
361 3427 401 3476 ac
417 3403 606 3494 discentes,
625 3428 702 3484 cum
715 3402 757 3475 ad
771 3407 994 3484 recentiorum
1012 3402 1220 3501 Logicorum
1329 3385 1333 3400 Ι

216 3548 395 3630 praecepta
412 3529 655 3628 cognoscenda,
682 3550 755 3603 tum
774 3531 815 3604 ad
830 3530 1041 3628 antiquorum
1058 3528 1218 3605 Diserti·

218 3682 334 3734 corum
357 3655 607 3751 intelligentiam
633 3674 782 3731 vocaret.
830 3657 869 3729 ln
895 3657 1048 3733 oratione
1068 3681 1152 3732 vero
1170 3657 1217 3731 se-

218 3804 317 3860 cutus
331 3801 382 3855 est
399 3777 616 3851 latinitatem
633 3796 669 3849 et
683 3781 974 3876 perspicuitatem
999 3782 1046 3854 ita
1061 3785 1217 3878 quidem,

219 3928 257 3985 ut
278 3907 473 3985 rudioribus·
486 3905 588 3977 etiam
604 3904 870 3995 succurreretur,
901 3902 1059 3977 addendis
1079 3902 1217 3977 subinde
1251 3894 1254 3899 ’

217 4035 436 4133 notandisque
464 4029 654 4106 nominibus
680 4026 875 4101 scholasticis
897 4028 956 4117 iis,
982 4049 1067 4122 quae
1088 4031 1217 4130 vulgari

219 4186 260 4237 ac
273 4161 431 4235 diuturno
446 4157 505 4232 usu
522 4178 595 4228 eam
612 4153 846 4229 aubloritatem
863 4156 959 4231 naeu
972 4155 1064 4245 suut,
1090 4174 1216 4231 utnon

218 4285 275 4362 nili
289 4310 366 4360 cum
385 4281 592 4357 obscuritatis
607 4280 757 4377 periculo
777 4281 900 4378 negligi
916 4302 1050 4380 queant.
1099 4285 1217 4383 Atque

218 4409 417 4505 compendio
458 4408 620 4502 ejusmodi
669 4406 906 4479 conscribendo
947 4410 1122 4482 arbitratus
1164 4427 1217 4481 est

219 4537 389 4630 scriptor,
403 4533 437 4605 se
454 4556 587 4629 operam
602 4534 828 4628 suscepturum
843 4531 930 4604 haud
948 4531 1120 4620 inutilem,
1137 4555 1215 4602 cum

216 4658 385 4756 discipulis
400 4659 463 4732 suis
474 4714 486 4751 ,
499 4677 570 4734 tum
586 4660 653 4734 aliis
667 4660 826 4757 elegantis
839 4679 1078 4754 accurataeque
1094 4656 1229 4732 doerit.

215 4811 280 4865 nae
300 4786 457 4863 studiosis.

266 4916 369 4994 Vlll.
409 4914 571 4986 liuorisci
595 4918 753 4995 Vollmor.
783 4915 982 5003 Reiorum„
1010 4915 1095 4990 Plril.
1121 4910 1213 5007 Prof.

220 5044 312 5118 Prot
349 5041 523 5114 Extroorrl.
562 5044 798 5130 Orationem,
838 5045 876 5115 dr
912 5042 1050 5123 Ratione
1089 5045 1215 5120 docendi

217 5169 383 5242 Socratico
419 5171 452 5238 r'o
488 5166 641 5264 institoris
677 5165 892 5263 Philosophiae
922 5171 1119 5246 Acadeoritis
1144 5176 1216 5245 iori-

220 5292 331 5368 rarrdo.
382 5292 458 5365 Coro
481 5290 765 5367 Additamento
785 5291 935 5367 Metlrodo
956 5296 1082 5371 docendi
1104 5298 1218 5369 Socra·
1282 5328 1293 5343 —

1139 5432 1217 5486 trra.

1227 5616 1336 5701 Δ
