2900 7100
100 1126 1299 1414 a

1110 1445 1254 1518 ;·.

258 1663 1025 1812 nunnrronrsnnavronns.
1075 1747 1149 1830 ω,
1247 1669 1253 1678 ’

153 1925 224 2008 tarn
247 1906 441 1980 Scholmm
459 1905 784 2006 Academiarumque
809 1885 996 1990 conmisit:
1023 1901 1148 1984 nostrae
1184 1923 1187 1929 ·

153 2047 207 2104 tes
220 2027 391 2126 plerique,
403 2032 441 2106 in
459 2050 552 2107 tanta
569 2031 759 2108 Literarum
775 2034 871 2124 luce,
887 2031 1037 2107 nondum
1051 2027 1153 2106 intel*

149 2152 254 2252 ligere
289 2155 458 2233 videntur.
484 2159 699 2247 'Ceterum,
738 2153 904 2229 Zedlizius
930 2179 1034 2255 quum
1064 2153 1154 2230 illud'

153 2275 345 2376 spedlaret,
381 2297 422 2350 ut
459 2280 611 2372 cognitio
642 2279 812 2374 Antiquae
849 2279 1075 2374 Philosophiae
1102 2279 1149 2356 alt
1274 2295 1281 2312 ‘

148 2387 289 2478 aluntur
315 2396 541 2474 Scholasticae
572 2400 763 2499 disciplinae
794 2422 873 2476 cunr
892 2401 961 2498 ipsa
990 2414 1172 2477 veteruu'r,
1333 2391 1337 2400 ’

149 2525 342 2604 Audlorum
366 2524 510 2600 ledlione
532 2527 812 2625 conjungeretur,
839 2523 988 2604 Gediliio
1009 2523 1150 2622 provin·
1346 2565 1351 2574 ·

101 2687 107 2702 ·
150 2653 238 2728 ciam
261 2650 949 2752 mandavitcolligendorum,qui1adhoc
972 2655 1158 2752 argumen-
1219 2697 1260 2720 ι·

112 2831 119 2842 ·
148 2799 225 2876 tum
247 2775 482 2876 pertinerent,
515 2778 665 2852 locorum
688 2775 888 2870 Ciceronis,
913 2776 1042 2875 ,optimi
1068 2784 1151 2874 pro'·
1332 2781 1339 2794 '

127 2895 245 2980 'sedo
264 2900 446 2996 Audorir,
466 2925 535 2978 non
556 2901 659 2978 hlurn
682 2903 833 2979 oratione
846 2893 904 2978 ¹sed
924 2901 1024 3000 copia
1039 2901 1079 2977 dr
1094 2922 1146 2975 ra·
1264 2897 1269 2914 ’
1303 2919 1313 2936 ·

150 3027 257 3106 tione.
305 3032 426 3128 Itaque
449 3026 614 3108 Gedikius
643 3028 853 3127 provinciam
874 3007 924 3102 ita
945 3023 1149 3102 administra⁴
1307 3081 1313 3086 -

152 3152 228 3242 vit,
242 3154 400 3244 ut,le8to
414 3151 596 3245 Cicerone,
613 3156 786 3229 materiam
800 3171 1018 3252 congereret,
1033 3127 1151 3226 seculr·

150 3273 233 3350 dum
253 3278 413 3374 temporis
443 3278 670 3378 sedatumque
693 3279 844 3356 ordinem
870 3280 905 3355 in
927 3297 1018 3352 certa
1040 3272 1150 3370 capita

152 3398 350 3497 digereretl,
382 3400 421 3478 ἃ
446 3402 583 3511 adjedlis¹
608 3405 749 3481 aliorum
776 3406 984 3480 Graecorum
1009 3398 1152 3476 Iatino-

152 3549 295 3625 rumque
326 3527 516 3607 Audonnn
552 3530 633 3605 locis
670 3549 820 3631 augeret.
873 3527 1034 3608 Continet
1068 3537 1154 3624 ergo

154 3652 211 3727 hic
226 3655 308 3727 liber
327 3654 402 3753 ipsis
427 3657 597 3761 Veterum
611 3656 723 3733 verbis
744 3680 817 3730 earu
845 3651 1021 3730 Historiae
1041 3648 1152 3724 Philo·

153 3775 310 3875 sophicae
324 3797 489 3871 aetatem,
511 3802 597 3878 quae
619 3801 673 3855 ert
695 3782 738 3854 ab
754 3780 854 3856 initio
869 3775 912 3851 ad
931 3775 1150 3849 Ciceronem:

150 3923 216 3977 nec
233 3925 307 3976 earn
332 3884 512 3977 absolutam
538 3903 576 3976 dt
598 3902 751 3996 plenam,
784 3898 875 3996 quod
900 3919 966 3972 nec
988 3889 1061 3969 sieri
1086 3918 1148 3991 po·

129 4026 222 4101 .tuit
239 4050 302 4118 pro
326 4022 467 4096 instituti
492 4022 682 4122 ratione&
708 4018 885 4096 brevitatis
905 4002 1065 4097 conhlio:
1089 4018 1148 4093 sed

151 4145 363 4247 praecipuam
387 4163 499 4218 tamen
526 4146 685 4221 materiae
706 4164 865 4245 partem,
898 4167 976 4220 cum
1000 4142 1151 4243 jucunda

152 4273 193 4349 dr
219 4270 469 4348 accommodata
500 4271 704 4370 juvenilibus
730 4269 846 4346 studiis
879 4271 1056 4349 varietate.
1105 4266 1148 4347 Ir'r

151 4398 233 4474 locis
264 4397 402 4473 aliorum
435 4388 624 4470 Audiorurn
657 4396 850 4492 colligendis
876 4398 1083 4475 Bruckerurn
1106 4394 1147 4473 dt

153 4516 616 4596 Davisn·nnimadvers10nes
640 4519 872 4594 Ciceronianae
896 4522 1029 4597 secutur
1052 4502 1175 4597 eide»

152 4663 211 4718 tur
230 4641 362 4718 Editor.
401 4641 583 4731 Ceterum,
607 4665 710 4738 quum
729 4662 807 4719 ante
829 4643 920 4719 hunc
942 4645 1059 4719 librum
1075 4641 1151 4718 nul·

154 4770 226 4858 lua,
248 4765 339 4864 quod
364 4765 530 4857 sciamus,
564 4767 689 4842 inhoc
710 4791 835 4868 genere
864 4767 1047 4868 prodierit3
1080 4786 1151 4845 non

154 4912 208 4968 ert
221 4891 405 4967 mirandum
414 4946 426 4984 ,
441 4888 549 4965 minus
567 4890 668 4968 etiam
685 4891 1016 4991 reprehendendum,
1030 4891 1056 4968 sr
1070 4889 1153 4991 quid

155 5015 248 5092 forte
269 5017 306 5092 in
329 5016 463 5094 deledhu
487 5019 645 5094 materiae
676 5018 898 5095 desideretur:
923 5019 1037 5118 potius
1058 5026 1153 5119 grata'
1219 5102 1222 5113 ¹
1281 5080 1285 5093 .

156 5158 270 5218 mente
289 5142 575 5242 interpretandum
605 5144 742 5224 Gedikii
763 5144 924 5239 studium,
948 5146 1007 5246 qui
1025 5149 1155 5251 primur

155 5268 344 5367 ntilhsunae
367 5258 491 5378 operae
510 5270 701 5370 exemplum
723 5268 882 5372 prodidit.

1092 5384 1249 5493 ‚12¹
