2900 7100
544 1383 547 1388 .
605 1383 616 1394 ,Ι
634 1381 636 1386 o

637 1421 640 1428 ¹
676 1409 678 1414 Ι
1306 1425 1311 1434 ι

587 1441 594 1452 ,⁸
639 1447 641 1454 .
672 1447 674 1458 Ι

348 1505 353 1514 ι
665 1505 667 1510 .
1166 1471 1172 1490 Ι
1357 1509 1359 1513 Α

193 1541 200 1548 Ι
666 1525 668 1536 ι

174 1656 1185 1926 ’ΒΙΒιΙοτΗΈοᾼΕ

263 2040 1113 2172 cuouucuu
1356 2223 1361 2232 ι

331 2395 556 2481 PARS
621 2395 1050 2486 SEPTIMA.

666 2653 709 2822 o'

192 2989 504 3081 ANECDOTA
533 2995 762 3081 GRAECA
790 3023 808 3080 e
835 2993 955 3104 Regio
984 2985 1182 3102 Poristenfi

246 3133 296 3228 ἐξ
324 3161 342 3215 e
368 3135 504 3214 Veneto
539 3135 578 3213 S.
608 3135 734 3213 Marci
753 3134 976 3218 Bibliothecis
997 3135 1178 3240 depromta

243 3270 354 3354 edidit
400 3268 585 3382 Joimnnes
622 3257 796 3374 Baptista
844 3270 982 3374 Caspar
1019 3268 1177 3370 d'Ansse

153 3492 155 3495 ,
241 3411 284 3491 de
317 3406 510 3510 Voiloison,
552 3407 688 3513 Regiae
727 3406 997 3515 Inscriptionum
1034 3407 1201 3491 Acade.

241 3548 331 3631 miae
361 3541 594 3651 Poristenfis‚
633 3549 771 3655 Regiae
798 3570 858 3629 neo
883 3564 949 3630 non
980 3543 1029 3643 ἐφ’
1055 3546 1172 3631 Anti·
1282 3548 1288 3559 ’

239 3688 386 3795 guarine
412 3683 623 3769 Societotum
647 3680 943 3794 Londonensium,
984 3700 1048 3768 eet.
1105 3684 1169 3771 So·

236 3822 319 3907 eins.
348 3820 404 3918 A.
439 3827 557 3928 1781.
592 3822 764 3911 Venetiis.
796 3818 850 3907 H
870 3823 963 3904 Voti.
989 3849 1029 3922 4.
1095 3822 1169 3929 ig·
1307 3902 1309 3907 .

200 3970 204 3981 '
229 3970 289 4078 pis
317 3964 367 4063 &⁹
387 3966 566 4075 sumtibus
583 3963 759 4070 fratrum
792 3963 914 4043 Colati.

185 4211 311 4296 Tomos
339 4206 512 4308 Primus,
541 4237 606 4320 gno
641 4214 840 4294 continetur
874 4196 1163 4292 EUDOCIAE

235 4350 560 4445 VIOLETUM‚
581 4351 724 4455 paginis
744 4369 843 4444 442.

154 4702 156 4707 .
177 4595 271 4717 Ad
287 4636 457 4711 hominum
475 4635 684 4735 opinionem,
708 4649 785 4710 cum
800 4631 844 4707 de
863 4632 932 4719 aliia
952 4632 1070 4724 rebus,
1087 4650 1161 4705 tum

175 4763 219 4836 de
244 4762 333 4837 libris
355 4761 471 4852 novis,
497 4763 638 4838 multum
663 4764 697 4840 in
724 4776 1045 4858 utramquepartem
1071 4758 1163 4831 valeo

175 4886 388 4987 exspectatio.
439 4889 556 4982 Nam,
583 4910 621 4964 ut
646 4914 703 4965 eos
733 4913 815 4986 quos
837 4886 882 4960 nil
907 4883 1004 4983 posse
1028 4881 1161 4981 putavi·

176 5034 267 5105 mus,
293 5012 468 5111 probamus
492 5010 530 5086 a
547 5013 714 5087 laudamus
732 5010 873 5103 adeo,s1
889 5008 1058 5084 mediocre
1079 5005 1160 5106 quid
1225 5058 1229 5066 ·

173 5137 373 5230 effecerint,
405 5139 452 5210 ita
475 5160 563 5228 eos,
593 5140 635 5212 de
668 5160 810 5237 quorum
833 5134 993 5212 facultate
1025 5133 1162 5233 egregie

173 5258 451 5355 existimavimus,
465 5287 531 5337 non
547 5261 650 5339 modo
667 5262 854 5358 laudam-ns,
875 5262 930 5341 sed
949 5256 1161 5363 reprenendi·

221 5389 290 5466 Vol.
311 5392 364 5469 II.
387 5393 467 5466 Pars
488 5389 556 5468 tlt.
777 5392 813 5468 A
1092 5394 1167 5451 mut
