2900 7100
381 1417 385 1430 Ι
921 1426 925 1432 .
1326 1409 1329 1416 ι

477 1570 480 1576 .
822 1544 827 1558 ’
848 1549 859 1570 N

277 1767 356 1869 nli.
383 1755 580 1867 adanu.
596 1773 667 1860 ur
682 1756 840 1858 truso.
856 1755 1007 1868 uersu.
1024 1754 1154 1896 elur.
1194 1810 1214 1883 2
1305 1855 1309 1862 .

217 1968 319 2043 titum
347 1974 400 2036 ert
425 1963 617 2050 volumen,
653 1959 801 2047 dicamus
821 1954 964 2052 prmum
986 1956 1029 2032 de
1052 1957 1219 2065 Hymn'o,
1332 2013 1347 2040 .

218 2096 291 2170 'tum
311 2093 355 2168 de
378 2088 535 2187 Epistolis
558 2085 702 2163 Crlticis.

264 2220 375 2317 Igitur
387 2214 608 2293 Ruhnkenius
627 2211 758 2307 Hymni
773 2208 987 2306 exemplum,
1005 2191 1219 2286 aMatthaed

217 2345 420 2436 acceptum
435 2339 570 2412 biennio
584 2352 702 2431 postea
716 2335 763 2411 ita
784 2353 938 2411 ornatum
956 2336 1219 2434 illustratumque

219 2464 325 2538 edidit
334 2518 344 2554 ,
353 2479 393 2535 ut
408 2459 563 2535 editionis
580 2461 785 2536 celeritatem
794 2464 1000 2537 mirarentur
1013 2475 1147 2552 omnes,
1162 2462 1220 2560 qui

220 2589 383 2663 eamnon
405 2606 535 2661 tantum
557 2588 717 2681 temporis
742 2588 908 2664 brevitate
930 2590 1092 2689 quantum
1115 2589 1218 2663 intera
1348 2651 1352 2656 .

220 2713 417 2814 preunonis
439 2711 609 2810 diligentia
633 2713 855 2789 aestimarent:
912 2713 1017 2791 Haud
1041 2711 1089 2787 ita
1111 2712 1219 2786 multo'

220 2856 299 2940 post
320 2836 558 2937 deprehensum
575 2855 647 2925 est,
671 2835 706 2910 ih
732 2838 889 2935 exemplo
907 2834 1126 2934 descripto&
1143 2834 1218 2907 vul·
1238 2914 1243 2925 ,

218 2974 302 3063 gato
324 2964 438 3038 deesse
461 2962 573 3061 versus
598 2962 729 3037 duobus
750 2964 856 3051 lotis,
884 2960 991 3032 altero
1010 2961 1149 3059 viginti,
1173 2959 1219 3032 al*

191 3151 194 3157 ,
219 3106 295 3162 tero
314 3108 439 3176 unum,
472 3085 531 3181 qui
549 3065 587 3159 ¹ih
607 3085 717 3159 veteri
742 3085 869 3157 Codice
892 3084 1089 3166 Moscuensr
1113 3084 1220 3158 exsta'
1266 3085 1272 3104 ‘

220 3214 307 3283 retra
357 3209 532 3317 Quodne
556 3208 663 3280 fraudi
690 3201 776 3281 esset
805 3204 993 3282 hominibus
1023 3206 1149 3290 dusiis,
1175 3205 1221 3281 nil

221 3332 313 3429 prius
336 3331 452 3405 habuit
475 3331 697 3408 Ruhnkenius
723 3332 781 3408 nin
803 3345 843 3406 u't
867 3321 990 3408 aboliti
1012 3333 1123 3430 priore
1150 3332 1222 3408 edi·

196 3435 316 3529 'tione
338 3470 463 3533 novam
493 3456 667 3530 adornaret
694 3461 846 3536 omnibus
870 3460 1017 3535 numeris
1040 3458 1218 3557 expletam·

222 3583 337 3676 Nam,
361 3583 400 3662 ἃ
426 3587 476 3663 ct
497 3584 666 3657 Matthaei
688 3585 873 3662 humanitas
888 3588 955 3661 hoc
975 3584 1142 3661 consilium
1160 3586 1218 3660 ad·
1254 3578 1258 3585 ’

216 3707 330 3803 juvit,
351 3732 419 3784 non
450 3709 552 3783 solum
581 3702 728 3783 versrbus
749 3711 806 3808 qui
829 3710 981 3785 deessent
999 3709 1216 3807 supplendis,

216 3832 274 3909 sed
293 3833 424 3941 singulis
442 3824 543 3908 etiam
562 3832 729 3907 literarum
744 3833 913 3926 apicibus,
926 3859 1009 3930 quos
1032 3840 1131 3910 taetus
1146 3838 1212 3909 Co·

216 3957 284 4032 dex
305 3960 472 4047 haberet,
497 3957 618 4026 iterum
644 3956 741 4028 anxii
768 3957 938 4052 angentia
962 3958 1142 4035 rimandis:
1177 3959 1218 4036 ἄ

218 4093 329 4154 novae
350 4064 509 4176 quaedam
530 4078 836 4153 'animadversrones
868 4080 996 4157 interea
1023 4083 1132 4159 fabiae
1161 4105 1217 4161 ac·

220 4207 398 4281 cesserunt.
449 4205 600 4299 Cumque
625 4201 734 4275 essent
755 4205 933 4299 permulti,
967 4204 1024 4303 qui
1044 4207 1215 4300 dicerent,
1311 4258 1314 4263 -

222 4331 313 4421 sese,
350 4331 476 4406 etiamst
503 4328 655 4402 carminis
690 4330 812 4403 Graeci
848 4338 1062 4406 venustatem
1081 4310 1215 4406 'sentire'

219 4477 287 4531 nou
310 4456 463 4548 possent,
485 4454 572 4524 velle
595 4471 706 4523 tamen
728 4451 800 4542 ejus
817 4473 1078 4548 argumentum,
1097 4457 1217 4530 natta·

223 4583 369 4663 tionem,
387 4576 420 4647 in
444 4573 555 4669 primis
576 4588 615 4644 ea
642 4591 728 4670 quae
749 4573 791 4646 ad
815 4575 983 4653 historiam
1008 4581 1077 4653 srue
1101 4578 1215 4652 veram
1360 4576 1362 4583 ’

219 4707 289 4780 srve
305 4700 484 4776 fabulosam
501 4698 727 4796 pertinerent,
753 4710 806 4775 cx‘
819 4705 970 4779 versione
990 4722 1219 4801 cognoscere,

218 4831 269 4906 his
302 4824 503 4901 satissae'tum
522 4842 583 4895 ‚est
615 4824 801 4910 versrone,
820 4850 904 4924 quae
931 4828 1038 4905 soluti
1064 4827 1215 4902 oratione
1358 4884 1362 4899 .

221 4954 362 5042 uerbum
394 4953 500 5027 verbo
529 4953 709 5043 redderet,
745 4978 843 5050 quarn
873 4952 1066 5030 Ruhnkenii
1095 4956 1215 5052 rogatu

221 5077 370 5154 confecit
392 5081 445 5174 Jo'.
469 5060 579 5152 Henr.
602 5075 760 5166 votnm,
786 5087 868 5152 tunc
889 5077 1213 5176 Otterndorpianae,

219 5215 311 5280 hunc
333 5194 546 5292 meinerus,
577 5203 612 5276 in
640 5178 790 5279 Holsatia
809 5203 949 5278 scholae
971 5203 1101 5281 Redior
1116 5266 1125 5293 ,
1143 5207 1215 5279 uir'

217 5328 450 5409 humaniorum
463 5325 631 5405 literarum
653 5327 885 5426 peritissmus,
908 5331 1065 5431 idemque
1089 5326 1213 5423 dignis·

694 5455 729 5532 A
756 5473 776 5533 r
1119 5447 1219 5532 unat
