2900 7100
307 1644 386 1724 nn,
403 1636 688 1756 nunnunr
705 1633 864 1712 muso.
878 1633 1034 1732 eursu.
1054 1638 1182 1736 cnm.
1235 1666 1257 1760 ἔ

259 1837 329 1911 quo
351 1811 395 1888 de
415 1809 575 1890 Narcisso
595 1808 679 1886 flore
702 1807 866 1899 refertur,
900 1832 1010 1906 neque
1023 1810 1133 1908 ’etiam
1161 1789 1256 1918 unior

258 1933 335 2012 aevi
357 1933 397 2014 ἃ
419 1934 553 2010 artificis
578 1934 796 2011 essenorum
821 1934 1017 2031 Hymnum,
1043 1934 1100 2010 sed
1123 1961 1167 2014 ex
1199 1931 1257 2044 viv

256 2059 333 2147 riis,
355 2081 421 2134 nec
444 2060 693 2154 concoloribus,
717 2059 876 2157 deinceps
896 2058 1012 2146 assutis
1035 2057 1150 2140 frustis
1171 2089 1253 2162 conf

254 2184 422 2264 textum'’.
457 2185 571 2279 Hujus
587 2207 670 2259 vero
688 2181 872 2270 sententiae
894 2182 1058 2256 rationem
1079 2185 1166 2260 banc
1188 2214 1249 2294 1²⁰!

253 2308 412 2388 cnsmum
439 2307 572 2382 secutus
594 2325 672 2397 est,
694 2309 789 2403 quod-
805 2307 976 2384 Pausanias
1001 2308 1076 2399 IX,
1101 2335 1167 2408 31,
1192 2312 1250 2413 ubi

249 2424 475 2530 Proserpinam
498 2455 610 2508 amore
633 2430 781 2510 Narcissi
800 2433 1091 2531 floris-deceptam
1115 2436 1248 2538 scribit,

249 2560 434 2654 Pamphum
449 2575 572 2632 testem
591 2558 719 2647 iaudat,
743 2581 812 2636 non
831 2564 1038 2653 Homerum,
1060 2580 1162 2662 quem
1179 2583 1248 2666 uon

249 2682 425 2769 omissuros
442 2682 541 2757 fuisse
562 2680 779 2772 videatur,sr
806 2682 885 2780 quid
906 2682 950 2756 de
971 2683 1131 2764 Narcisso
1150 2708 1246 2786 repe·
1316 2749 1319 2755 ,

244 2806 338 2886 risset
360 2810 394 2886 io
420 2806 475 2880 iiio
497 2806 640 2913 Hymno
662 2803 759 2902 cujus
789 2807 1017 2884 tertimoniutn
1044 2830 1162 2909 quater
1185 2787 1243 2888 cxi

200 2994 208 3014 .
245 2930 349 3021 citet,
360 2933 363 2948 '
374 2957 416 3008 ac
428 2933 528 3006 semel
546 2937 592 3007 ita
613 2950 652 3004 ut
670 2929 820 3025 ejusdem
845 2956 924 3006 cum
942 2934 1091 3031 Pampho
1107 2937 1242 3020 consetn

242 3056 312 3131 surn
335 3076 444 3136 notet.
490 3061 628 3138 Poterat
655 3054 709 3130 vir
731 3052 937 3130 doctissumus
968 3056 1047 3130 huic
1068 3037 1241 3160 argutum}

245 3179 364 3256 rationi
393 3182 532 3255 alterum
559 3198 690 3253 tantum
718 3158 846 3251 roboris
872 3177 1011 3272 addere,
1037 3163 1262 3280 proferendo

243 3304 348 3376 altero
382 3303 477 3393 loco,
514 3305 572 3403 qui
609 3325 686 3377 eum
718 3302 803 3382 haec
830 3305 1027 3378 scribentem
1063 3289 1240 3406 fugiebat,

239 3426 415 3512 Pausaniae
435 3433 470 3520 Ι,
498 3454 564 3527 39,
590 3453 625 3526 p.
645 3452 715 3522 94,
740 3429 797 3502 ubi
812 3452 830 3501 e
847 3428 985 3525 Pamphi
1007 3426 1151 3503 camnine
1167 3417 1236 3512 solo

237 3575 439 3631 memoratur
466 3554 596 3629 Ceteris
622 3553 657 3629 in
682 3555 872 3631 Metanirae
901 3557 1038 3630 domum
1070 3557 1235 3659 adventur

234 3678 273 3755 ἂ
292 3682 395 3755 muita
411 3680 471 3755 alia
489 3680 594 3768 saar,
619 3701 703 3775 quae
729 3682 840 3759 omnia
854 3683 931 3757 suut
952 3681 986 3754 in
1006 3679 1073 3752 hoc
1088 3682 1232 3779 Hymno

231 3826 308 3896 95,
343 3804 432 3904 sequ.
482 3809 608 3903 Neque
641 3823 753 3880 tumen
780 3807 863 3885 haec
889 3804 1031 3879 accessio
1054 3790 1152 3902 apud¹
1169 3830 1230 3885 noa

230 3931 309 4024 quid
337 3935 474 4023 valeat,
505 3955 574 4025 quo
597 3928 705 4000 minus
735 3948 841 4000 totam
861 3927 946 4001 ilitm
969 3914 1230 4025 argumentatio-¹

228 4073 305 4126 uem
329 4052 530 4129 subtiliorem
560 4076 659 4148 quam
681 4053 848 4126 veriorem
867 4053 1087 4151 judicemus,
1117 4034 1228 4151 neque,

226 4178 301 4255 satis
323 4179 505 4253 convenire
520 4202 598 4255 cum
621 4179 674 4254 ina
697 4175 867 4277 judicandi
883 4176 1109 4267 dexteritate,
1123 4201 1225 4275 qnam

223 4309 257 4380 in
276 4306 345 4379 aliis
367 4309 519 4404 Ignarrae
541 4304 670 4402 scriptis
693 4303 899 4399 agnovimus.
950 4301 1043 4377 Nam
1069 4302 1111 4375 ad
1138 4299 1225 4377 sum·

220 4456 311 4507 ntum
340 4453 382 4502 eo
398 4430 508 4502 valere
531 4445 665 4521 potest,
686 4445 724 4498 ut
744 4425 882 4521 aliquam
904 4402 1147 4505 dubitationem
1167 4429 1219 4500 in·
1342 4492 1354 4515 ,

216 4554 329 4652 jiciat:
362 4572 400 4626 ut
425 4571 535 4627 totum
564 4552 742 4647 Hymnnm
767 4568 844 4644 post
865 4549 1040 4623 Pausaniae
1065 4569 1217 4657 tempora

219 4677 402 4756 confictum
425 4677 630 4761 statuamus,
663 4676 794 4751 efficere
820 4697 888 4748 non
906 4689 1032 4768 potest.
1080 4676 1126 4750 Et
1151 4677 1219 4771 pti.

217 4830 309 4879 mum
353 4803 515 4902 quidem,
541 4800 736 4895 ¹secundum
781 4797 1071 4873 verisimilitudinis
1113 4774 1220 4895 atque
1294 4874 1299 4879 ,

217 4929 302 5003 adeo
328 4928 471 5004 Criticae
496 4927 625 5024 legem,
649 4922 829 4998 auctoritas
862 4946 1006 5020 quatuor
1035 4933 1214 5012 locorum,

216 5052 334 5143 quibus
355 5069 558 5129 memoratur
581 5052 762 5146 Hymnus,
787 5069 882 5125 tanto
905 5072 957 5124 est
979 5049 1212 5151 maJ'orancio·

214 5175 314 5248 ritate
345 5176 509 5268 duorum,
528 5175 648 5272 quibus
676 5176 864 5267 reticetur,
886 5176 1063 5279 locorum,
1088 5195 1215 5283 quanto

680 5305 822 5407 At,
962 5333 969 5349 ·
1113 5320 1211 5395 equa.
