2900 7100
537 1389 541 1396 ¹
601 1389 605 1408 l

1094 1462 1099 1480 l

308 1725 375 1799 nn
399 1679 865 1801 onnrcrrs.1„'nr.nn.
890 1718 1146 1850 Haustus..
1172 1683 1220 1813 5'5

222 1897 315 1971 citati
334 1915 440 1972 totam
456 1894 660 1984 dodlrinam,
685 1917 753 1966 non
776 1891 850 1966 sane
873 1891 915 1964 de
931 1892 1043 1967 medio
1060 1893 1216 1985 sumtam,

222 2045 399 2122 partesque
420 2020 491 2115 ejus
513 2020 674 2118 singulas,
699 2040 877 2113 earumpue
902 2021 1050 2093 ordinem
1074 2019 1112 2093 dc
1138 2045 1218 2096 con·

222 2167 373 2238 tentum,
406 2147 473 2221 fine
499 2141 649 2237 adjutore
673 2142 846 2239 percipere
873 2137 1007 2235 posint.
1059 2148 1132 2239 Jam
1155 2145 1217 2216 Er·

222 2293 337 2347 nestus
360 2293 457 2343 unam
483 2266 626 2341 Criticae
655 2267 817 2342 rationem
845 2267 895 2338 see
910 2291 974 2340 iras
999 2289 1049 2338 est
1074 2291 1157 2363 quta
1181 2269 1216 2341 in

153 2433 157 2439 ·
195 2459 199 2466 .
222 2397 304 2472 vere
324 2390 486 2486 scripturi
506 2388 726 2464 restituenda·
737 2391 902 2483 cernitur,
927 2393 982 2463 l'ed
1009 2393 1093 2466 iun.¹
1117 2393 1218 2474 {prm

221 2516 420 2617 paucissimis
440 2515 557 2588 horum
578 2513 733 2588 librorum
752 2519 784 2589 ic·
799 2516 832 2584 is
851 2515 1011 2590 adilonis.
1061 2518 1220 2613 Denique

224 2641 484 2740 lleufingeriana
515 2638 642 2729 editio,
676 2664 763 2739 qnae
789 2641 823 2716 in
849 2640 967 2713 eodem
1003 2663 1126 2738 genere
1149 2665 1221 2713 om·

221 2789 281 2844 nes
304 2767 451 2840 omnium
467 2743 670 2861 superiorum
693 2767 878 2841 editionum
898 2765 1009 2840 laudes
1030 2765 1222 2866 superat&

219 2893 331 2966 multis
355 2912 528 2989 praeterea
551 2883 836 2988 interpretationis
868 2891 1017 2987 partibus
1047 2912 1225 2965 commem·

151 3101 153 3106 ,
221 3018 341 3107 datur,
365 3043 385 3090 a
412 3017 583 3090 dodhinae
615 3017 837 3112 explicatione
868 3034 984 3101 vacat,
1010 3015 1051 3089 ad
1080 3035 1218 3112 eamque

222 3139 468 3236 intelligendam
491 3137 631 3210 ledores
656 3141 803 3233 postulat
826 3138 964 3212 Veteris
993 3138 1220 3233 Philosophiae

188 3363 190 3370 Ι
222 3262 361 3357 peritos.
416 3264 514 3369 Quae
536 3284 613 3333 curn
640 3259 787 3354 itasrnt,
817 3262 952 3336 minime
979 3288 1041 3336 nos
1065 3260 1220 3356 poenitet

222 3385 365 3474 confilii,
384 3383 473 3481 quod
489 3383 615 3458 dhdum
633 3384 801 3479 cepimus,
820 3387 1024 3463 edendorum
1045 3384 1221 3480 aliquando

221 3506 340 3618 horum
368 3509 525 3583 librorum
554 3509 596 3584 ad
626 3532 699 3583 eam
730 3509 920 3602 rationem,
952 3532 990 3588 ut
1019 3514 1216 3589 emendatae

221 3637 356 3713 lediioni
381 3632 617 3731 superstruatur
636 3634 807 3713 doctrinae
832 3636 1065 3737 interpretatio
1084 3623 1221 3712 accura-

144 3808 146 3817 ·
221 3760 415 3850 [ἰοτ,ἀυὲὶει
431 3781 451 3831 e
468 3757 615 3833 fontibus
637 3759 804 3836 Veterum
817 3763 1111 3862 Philosophorum,
1139 3786 1217 3838 cum

218 3887 468 3973 universorum,
494 3904 565 3955 tum
591 3904 725 3969 eorum,
750 3907 833 3975 quos
857 3888 976 3960 Cicero
993 3889 1127 3965 secutus
1145 3908 1218 3977 est,

217 4012 429 4104 Stoicorum,
444 4007 487 4078 io
513 4005 626 4102 primis
649 4006 818 4091 Panaetii,
852 4010 1057 4095 Hecatonis,
1084 4012 1218 4083 Pofido·

219 4130 289 4221 nii,
304 4155 353 4239 ⁸ac
370 4128 530 4204 fimilium.
563 4127 630 4201 Sed
651 4127 736 4203 haec
755 4129 848 4222 alias,
873 4154 964 4207 nunc
983 4131 1019 4204 in
1039 4154 1110 4206 rem
1125 4153 1219 4231 prae·

215 4248 345 4332 'sentem
369 4254 550 4329 veniamus.

266 4386 366 4478 Ergo·
380 4379 596 4474 Heusingeris
619 4381 817 4455 cumulatius
840 4382 1039 4480 uberiusque
1069 4385 1218 4460 tribuen-

218 4504 261 4603 da
280 4523 332 4575 est
352 4503 421 4579 laus
447 4524 506 4592 ca,
532 4527 629 4597 quam
654 4521 733 4575 ante
753 4505 813 4577 hos
838 4509 1002 4582 ducentos
1030 4532 1131 4582 annos
1155 4514 1217 4580 Ca-

217 4630 305 4707 rolus
323 4623 485 4721 Langius,
517 4629 572 4700 cui
597 4626 664 4700 sine
685 4625 790 4699 dubio
809 4628 951 4700 multum
976 4629 1101 4701 debent
1121 4628 1154 4700 hi
1179 4629 1218 4701 li·

208 4753 291 4837 -bri,
322 4749 380 4826 sibi
409 4749 615 4841 vindicavit,
646 4774 749 4846 quum
777 4753 812 4826 in
834 4750 990 4827 editionis
1010 4777 1029 4825 a
1051 4755 1085 4827 se
1108 4730 1217 4827 saliae

217 4879 319 4953 titulo
344 4892 512 4975 poneret,
554 4883 682 4948 eus-'ita
704 4879 746 4947 ad
773 4882 890 4973 optimo
921 4874 976 4957 (9⁹.
1002 4877 1215 4970 vetustissima

219 5005 412 5096 exetttplaria
432 5002 603 5091 recognitos
626 5001 709 5092 etsta,
726 5020 761 5072 ut
776 5024 857 5072 nunc
883 5006 1001 5074 deinum
1022 4979 1098 5074 adili
1117 5003 1217 5073 videti

215 5143 339 5218 queant.
382 5124 565 5199 Neminem
591 5124 687 5197 facile
709 5122 835 5220 fugiat,
860 5143 980 5220 quanta
996 5125 1099 5197 suerit
1117 5127 1215 5199 Heu·

215 5248 418 5344 lingerorum
436 5250 543 5323 in'his
562 5249 664 5337 literis
689 5248 823 5322 scientia
839 5247 888 5341 dc,
901 5249 1090 5350 diligentia,
1114 5271 1216 5344 quan·
1235 5266 1242 5281 ⁸
1302 5226 1308 5243 ⁵

671 5375 756 5464 D4
941 5356 943 5361 ⁸
1145 5389 1219 5447 turn
