2900 7100
246 1701 248 1706 ⁴
286 1733 576 1852 munorum
596 1729 837 1808 nrnrusn.
855 1723 1148 1807 aaronem.
1194 1733 1248 1840 ς,

227 1911 409 2009 quaedam,
439 1912 524 2007 quat
545 1909 606 1985 vix
625 1919 688 2005 pr'o
702 1897 900 1980 Homericis
922 1889 1102 1995 agrioscat,
1125 1922 1219 1997 repe.
1279 1951 1284 1958 .

229 2038 314 2112 riet:
346 2063 381 2113 v.
404 2058 434 2109 c.
458 2032 555 2108 versu
574 2057 621 2124 9,
645 2007 868 2103 ssoltudt'urur
886 2077 899 2115 ,
919 2020 957 2096 δι
984 2020 1059 2094 alibi
1097 2022 1216 2093 Πολυ.

205 2149 363 2283 ⁸¹dr'ulurr
400 2193 462 2267 pro
493 2171 646 2246 Platone:
690 2189 764 2258 12,
816 2140 913 2256 artiga
949 2186 1012 2259 9¹0
1044 2134 1218 2257 migma,
1347 2261 1351 2268 Ι

227 2318 327 2402 203²
352 2284 446 2385 ἕλφι
473 2324 535 2397 pro
561 2280 727 2385 dilutam:
764 2321 854 2390 229,
890 2274 1093 2380 ἇντῖτομονῑ
1126 2320 1217 2394 230,

181 2509 184 2516 ,
225 2415 385 2531 iputpdrt
402 2456 492 2525 241,
518 2414 702 2524 προθαλὴς
715 2464 726 2516 3
740 2440 830 2528 283,
854 2409 968 2503 {Atilii
983 2452 1046 2527 pro
1068 2412 1216 2526 iliacam,

226 2582 295 2638 cet.
344 2558 411 2639 His
434 2555 506 2629 fert
522 2555 704 2630 rationibus
726 2580 884 2646 moveor,
917 2574 955 2629 ut
973 2554 1063 2628 hunc
1084 2573 1218 2652 partum
1337 2549 1340 2558 ’

226 2689 382 2763 Homero
407 2682 573 2757 subditum
592 2680 750 2774 credam,
772 2706 846 2758 mec
871 2700 981 2754 tamen
1010 2681 1052 2753 ab
1078 2677 1216 2753 auctore

221 2810 312 2907 ipso,
343 2808 437 2905 cujus
460 2828 551 2883 aetas
574 2807 673 2880 talem
700 2803 852 2881 fraudem
880 2806 1079 2903 ignorabat,
1114 2803 1172 2878 scd
1196 2826 1216 2876 a

216 2932 310 3025 potis
331 2931 391 3007 illis
415 2931 564 3025 falsariis,
596 2932 674 3032 qui,
708 2950 748 3007 ut
775 2930 908 3026 regibus
931 2926 1151 3002 Alexandriae
1176 2926 1216 3001 dt

220 3057 372 3154 Pergami
401 3057 501 3132 libros
534 3056 639 3131 carius
674 3051 893 3142 venderent,
930 3074 1068 3150 operum
1101 3051 1215 3126 titulos

222 3182 418 3272 mutabant,
450 3184 590 3261 nobilius
612 3201 763 3267 nomen,
793 3178 887 3268 velut
912 3178 1075 3264 Homeri,
1108 3180 1217 3251 minut

222 3305 310 3378 claro
330 3302 575 3378 substituentes.
614 3300 687 3398 Jam
703 3303 744 3375 ad
762 3301 948 3376 Pausaniam
969 3299 1058 3398 quod
1074 3300 1215 3391 attinet,

221 3430 323 3505 nolim
342 3428 454 3501 dicere
476 3449 552 3500 cum
571 3428 690 3501 Fulvio
707 3428 828 3503 Ursino
851 3429 892 3502 ad
909 3425 1030 3524 Virgil.
1044 3428 1114 3502 Ecl.
1135 3429 1213 3513 lV,
1248 3521 1251 3525 .

220 3569 289 3649 59,
314 3577 391 3628 eum
407 3578 523 3651 parum
535 3552 774 3652 intelligentem
790 3553 859 3628 esse
880 3555 992 3629 talium
1009 3577 1120 3627 rerum
1142 3553 1212 3628 exi·

219 3678 429 3754 stimarorem.
481 3681 573 3756 Nam
603 3678 773 3776 Criticum¹
793 3681 962 3780 egregium
993 3682 1026 3756 se
1063 3679 1211 3754 ostendit

219 3804 397 3901 injudicio
417 3804 459 3878 de
476 3805 606 3903 Orphei
628 3805 666 3881 dt
696 3808 831 3884 Musaei
861 3806 1077 3896 carminibus,
1103 3807 1212 3881 Attic.
1321 3872 1323 3877 ,

223 3951 287 4028 14:
313 3931 356 4003 de
381 3909 525 4005 Homeri
549 3926 757 4011 Thebaide,
790 3933 909 4004 Boeot.
931 3952 972 4017 9:
1004 3929 1048 4001 de
1071 3931 1213 4006 Hesiodi
1339 3990 1343 4001 .

219 4057 257 4127 T
257 4054 443 4146 hugonii,
472 4051 592 4123 ibidem
613 4072 669 4144 27.
720 4049 995 4140 Verumtamen,
1020 4077 1096 4126 curn
1110 4056 1212 4130 etiarn

217 4172 352 4253 Phocic.
372 4197 436 4268 37,
461 4170 687 4272 Hymnumiu
709 4174 922 4272 Apollinem,
947 4176 1125 4256 &Boeot.
1146 4207 1212 4278 30,
1279 4172 1283 4178 ⁵
1316 4214 1320 4223 ,

216 4323 332 4378 omnes
353 4298 438 4372 adeo
458 4301 637 4397 Hymnos,
668 4297 725 4395 qui
743 4298 975 4389 subHomeri
1001 4309 1137 4384 nomine
1162 4310 1213 4383 fe.

216 4448 364 4510 runtur,
397 4447 458 4517 pto
479 4427 567 4495 veris
593 4449 634 4497 ac
655 4425 817 4523 germanis
839 4426 1018 4508 habuerit:
1051 4435 1144 4529 quod
1167 4457 1211 4508 nc

217 4547 326 4620 Leoni
350 4545 482 4642 quidem
502 4546 625 4617 Allatio
642 4545 662 4617 l.
681 4567 708 4615 c.
732 4541 771 4617 dc
788 4545 904 4644 Steph.
927 4554 1083 4648 Berglero
1101 4554 1211 4632 Praes.

220 4667 261 4742 ad
279 4667 398 4765 Odyss.
419 4695 453 4766 p.
477 4679 541 4760 16,
565 4668 684 4766 quibus
704 4690 805 4742 nemo
827 4671 871 4744 de
896 4673 946 4748 his
971 4676 1119 4775 Hymnis
1144 4700 1213 4750 tna·

216 4793 428 4893 gnificentius
448 4793 571 4883 sensit,
603 4795 789 4891 probatur:
816 4821 893 4873 cum
915 4799 1018 4899 igitur
1042 4769 1212 4877 Halmius

215 4940 284 4994 tam
305 4919 409 4993 facilis
439 4916 601 4993 fueritin
622 4918 661 4991 iis
690 4920 846 4995 Homero
872 4924 1083 5019 tribuendis,
1112 4929 1212 5026 suspi.

217 5068 297 5135 cor,
322 5047 451 5120 illorum
468 5041 673 5140 splendorem
694 5045 743 5118 ira
757 5047 828 5142 ejus
848 5048 962 5122 oculos
982 5054 1210 5147 praestrinxis-

215 5170 276 5260 se,
301 5191 340 5243 ut
367 5167 411 5241 ad
435 5167 610 5242 manifesta
639 5169 780 5261 indicia,
810 5171 929 5268 quibus
954 5173 1034 5251 alius
1055 5180 1212 5256 Homero

215 5291 357 5393 scriptor
372 5293 587 5392 proderetur,
599 5296 805 5372 conniveret.
831 5299 913 5374 Nec
932 5319 1043 5380 tamen
1058 5306 1212 5398 cuiquam
1299 5299 1302 5307 ’

669 5418 704 5492 Α
732 5444 751 5515 3
1095 5427 1219 5503 audior
