2900 7100
299 1694 1062 1786 unu-anoulisultuvrouun
1134 1731 1205 1813 tog

186 1875 402 1978 -quaniquarn
428 1895 499 1949 non
525 1871 666 1952 suntab
690 1876 766 1975 ipso
796 1881 978 1956 Plutarcho
1002 1884 1218 1986 conscripta,

198 2006 267 2084 sed
289 1999 333 2081 ab
355 2004 432 2084 aliis
457 1998 691 2077 consarcinata
723 2029 766 2081 ex
789 2009 862 2103 eJ'ut
890 2006 1055 2105 scriptis,
1088 2012 1218 2090 habent

192 2154 327 2212 taruco·
351 2128 540 2222 lefflonern
566 2131 694 2208 utilem
726 2128 766 2205 ἃ
801 2126 1095 2209 accommodatam
1134 2139 1219 2213 tiro·

108 2245 116 2254 ¹
209 2231 294 2342 nuri
313 2260 476 2363 ingeniis.
530 2262 692 2334 Ceterum
710 2260 1028 2357 interpretationem
1047 2265 1221 2360 postulant

204 2359 313 2478 eant,
337 2401 434 2483 'quae
455 2385 694 2484 proficiscatur
722 2389 765 2461 ab
799 2384 963 2461 interiore
991 2385 1133 2462 scientia
1158 2391 1222 2468 lin·
1295 2369 1299 2378 ¹

211 2532 306 2611 guae
331 2513 508 2603 Graecae,
540 2511 740 2614 Historiae,
766 2507 805 2584 <lt
828 2511 1075 2610 Antiquitatis3
1109 2533 1147 2594 ut
1172 2538 1227 2594 ua·

219 2629 399 2731 nautor,
415 2662 503 2737 quae
521 2639 688 2737 cujusque
705 2631 791 2710 dieti
815 2626 857 2707 fit
883 2638 936 2712 vio
961 2664 1004 2713 ac
1031 2641 1227 2727 sententia,

212 2788 348 2865 quoque
368 2755 558 2856 referatur3
591 2785 656 2854 ne,
682 2762 776 2859 quod
798 2760 927 2860 saepius
952 2763 1029 2841 fieri
1054 2768 1228 2859 videmur,

217 2894 294 2991 ejuu
314 2912 470 2966 acumen·
486 2890 588 2963 lateat
607 2941 622 2981 ,
654 2885 693 2962 ἃ
718 2912 785 2986 pro
806 2909 952 2963 venuuto
974 2889 1152 2990 frigidum*
1166 2915 1230 2991 po·

213 3019 295 3100 tiu'r.
310 2999 492 3092 habeatur.
555 3017 598 3100 In
627 3015 811 3090 Laconicis
847 3036 1021 3111 praeterea
1052 3019 1152 3097 dictis
1189 3043 1230 3101 ea
1290 3083 1294 3100 ,

218 3163 287 3226 ese·
307 3148 514 3232 difficultas,
546 3158 586 3212 ut
604 3149 623 3228 ‚'
646 3139 707 3212 nifi
742 3140 916 3215 Laconica
954 3142 1112 3218 Diale6io
1143 3149 1233 3226 bene
1324 3203 1335 3224 2

222 3273 387 3375 cognita,
413 3292 532 3346 eorum
555 3286 626 3341 non
649 3267 755 3344 modo
770 3290 915 3350 acumen
931 3268 1084 3366 percipi,
1112 3268 1234 3346 sedne

220 3405 336 3482 seusun
367 3395 509 3493 quidem
549 3392 699 3486 intelligi
733 3392 849 3489 possit.
908 3397 1065 3470 Instituta
1094 3396 1258 3495 quideru'

222 3522 400 3604 Laconica
423 3540 494 3594 non
514 3515 729 3616 praecipuam
748 3520 911 3616 aliquam,
937 3521 993 3597 sed
1020 3545 1237 3598 communem

228 3653 359 3731 habent
382 3671 463 3726 curn
486 3645 622 3745 reliquis
643 3645 876 3741 Antiquorun
898 3649 1031 3749 scriptis
1057 3651 1238 3728 difficulta.

223 3799 314 3871 tem,
331 3799 427 3870 earn,
457 3798 543 3874 quae
566 3799 586 3848 a
607 3777 795 3848 verborum
836 3778 1059 3875 corruptione
1094 3776 1237 3862 enistitr

223 3933 339 3985 rerum
358 3904 496 4004 quidem
520 3902 709 3978 obscuritas
732 3901 839 3982 multa
866 3903 971 3983 habet
993 3903 1035 3981 ad
1066 3904 1243 4004 explican-

227 4036 309 4114 dum
333 4030 472 4109 subsidia
499 4027 655 4107 inlibris
687 4029 731 4103 de
758 4029 880 4105 eudem
901 4049 1126 4130 argumento,
1157 4055 1240 4106 cum

227 4162 423 4250 Veterum,
446 4177 520 4245 tum
544 4153 789 4231 recentiorum.
841 4163 957 4259 Atque
988 4159 1025 4234 in
1046 4158 1112 4236 hac
1133 4146 1240 4235 inte'rss

226 4288 423 4387 pretatione
452 4286 502 4358 ita
526 4281 677 4359 versatus
714 4304 766 4359 est
788 4289 938 4383 Editor,
972 4310 1010 4365 ut
1038 4311 1107 4365 non
1132 4284 1243 4362 solunt

232 4412 421 4496 tironibus,
455 4411 511 4482 sed
535 4407 799 4504 profectioribus
817 4431 971 4503 quoque,
990 4415 1109 4485 utilem
1138 4398 1244 4484 nava}

228 4556 287 4614 ret
312 4558 463 4635 operam,
513 4535 627 4628 Nam,
650 4537 688 4612 tic
709 4535 864 4607 duilrina
890 4552 1033 4630 apparet
1063 4533 1099 4604 in
1130 4546 1243 4615 reruni

227 4663 474 4756 illustratione,
500 4662 537 4738 ἅ
560 4660 728 4757 judicium
754 4662 896 4759 ususque
920 4659 1076 4756 Linguae
1098 4657 1134 4731 in
1157 4682 1241 4734 con-

227 4790 398 4877 stituenda
413 4790 581 4878 leitione,
608 4789 646 4864 δι
661 4793 804 4866 latinae
821 4787 986 4868 orationis
1004 4785 1136 4865 bonitas
1152 4792 1243 4872 haud

233 4922 394 5018 vulgarit.
452 4923 492 4995 ln
521 4917 738 5017 praefatione
761 4920 898 5018 quidem
927 4917 1047 4993 abusus
1076 4939 1126 4993 est
1155 4943 1242 5020 oper

228 5070 296 5129 ra:
332 5068 435 5142 quum
456 5051 559 5147 longa
584 5048 814 5143 disputatione
832 5044 1012 5118 ostendere
1029 5068 1237 5139 conaretur,

225 5173 317 5251 duos
343 5175 407 5250 hos
433 5170 560 5251 libellos
583 5199 651 5247 non
678 5173 748 5246 esse
771 5196 790 5245 a
812 5171 991 5250 Plutarcho
1013 5175 1176 5278 scriptor,
1203 5175 1244 5257 δε

224 5299 373 5394 tlttun
395 5319 514 5394 tanen
535 5300 883 5410 apophthegmata
905 5304 1143 5495 correuronefp
1173 5292 1244 5410 rpp-

1072 5438 1117 5503 tn
1142 5434 1239 5527 terea

1193 5584 1339 5682 fl
