2900 7100
848 1493 856 1532 ¹.

239 1765 307 1838 113
360 1725 740 1866 unanrtoturis
779 1753 1128 1838 nrnvrouns.

186 1929 195 2030 f
237 1931 358 2030 gratias
382 1953 481 2028 agens
505 1949 541 2003 et
563 1930 654 2002 simul
678 1905 890 2026 fignifitaus,
923 1926 957 2001 se
983 1903 1125 2002 libenter
1148 1903 1232 2004 hane

231 2055 441 2156 provinciam
466 2053 779 2152 Schtueighaeusero
807 2053 1024 2144 concedere,
1063 2051 1236 2127 missurum

238 2181 338 2256 etiam
369 2199 526 2256 annotata
551 2236 561 2270 ,
585 2201 670 2276 quae
704 2179 883 2252 admodum
922 2204 1027 2276 pauca
1066 2179 1235 2268 haberet3

237 2306 360 2404 quippe
393 2307 684 2402 ingravescentem
717 2303 866 2408 corporis
903 2303 1130 2378 infirmitatem
1160 2329 1240 2377 euin
1301 2397 1304 2402 Ι

238 2433 282 2504 ab
306 2429 430 2504 edendi
452 2424 586 2501 consilio
604 2427 755 2524 rejecisse
765 2481 779 2518 ‚
797 2447 833 2502 et
858 2429 955 2504 nimis
973 2429 1242 2506 etiameffieaei-

157 2611 163 2628 ,
240 2573 294 2628 ter
317 2553 361 2630 de
385 2555 478 2629 vitae
503 2551 671 2624 brevitate
694 2550 911 2627 admonuisse.
943 2555 1048 2628 Haud
1073 2555 1119 2627 ita
1137 2555 1244 2629 multo

242 2701 321 2776 post
359 2671 577 2769 Mus-gravius
615 2675 704 2746 diem
751 2673 833 2747 obit.
910 2677 1244 2774 Seiureighaeuserus

243 2801 287 2870 de
310 2799 393 2870 iilius
411 2794 577 2869 annotatis
595 2793 636 2862 ed
654 2796 911 2890 Tyru'hittutm
935 2797 981 2870 V.
1010 2801 1079 2891 CL,
1106 2802 1244 2880 scribit:

213 2953 219 2962 ·
241 2923 298 3017 qui
320 2921 519 3017 respondet,
554 2939 668 2991 omnes
693 2918 885 3013 Musgravii
910 2920 1045 2996 schedas
1067 2949 1112 2999 ex
1142 2929 1243 3022 ipsius

98 3091 101 3098 -
163 3033 180 3114 .’
241 3044 402 3120 Auctoris
426 3046 620 3134 volontate,
645 3043 746 3142 paulo
766 3062 843 3139 post
855 3046 930 3143 ejus
948 3048 1081 3124 obituro
1100 3051 1243 3124 flaminis

242 3171 380 3248 traditas
421 3170 521 3262 esse,
564 3190 698 3270 praeter
730 3170 937 3268 paucissimas
965 3175 1001 3252 io
1036 3177 1108 3272 ipso
1140 3195 1244 3250 testa·

245 3319 363 3376 mento
389 3297 548 3397 expressis
568 3296 680 3371 verbis
702 3295 926 3392 significatas,
956 3325 1041 3400 quae
1070 3301 1115 3374 nil
1137 3303 1247 3374 eonti-
1334 3353 1337 3358 -

245 3440 385 3508 nerent,
410 3423 500 3515 quod
522 3426 563 3496 ad
592 3424 784 3520 Appianum
810 3426 1005 3520 pertineret.
1058 3427 1165 3524 igitur
1187 3428 1246 3500 suo

244 3548 313 3645 ipse
325 3545 441 3615 Marte
453 3549 736 3639 remptrsccutus,
751 3552 861 3643 piures
881 3553 981 3625 etiarn
1000 3552 1096 3625 libros
1107 3553 1245 3648 scriptos

245 3692 282 3746 et
310 3667 499 3744 Parisienses
533 3685 569 3736 et
603 3669 759 3753 ttuiicos,
795 3695 829 3741 et
867 3678 926 3745 alia
961 3677 1244 3771 interpretationis

248 3794 410 3882 subsidia,
430 3790 470 3861 ad
488 3814 609 3864 novam
627 3790 808 3862 editionem
827 3794 1059 3869 instituendam
1077 3802 1246 3876 adhibuit:

248 3923 343 4019 cujus
369 3939 429 4013 per
458 3918 515 3990 has
553 3914 821 3989 Exercitationes
851 3919 1016 4013 specimen
1059 3929 1244 4022 proposuit.

227 4051 380 4125 ¹Harum
403 4068 476 4138 pars
501 4066 564 4129 ca,
599 4065 682 4138 quae
705 4042 813 4113 adhue
829 4043 979 4137 prodiit,
1013 4049 1068 4123 sex
1092 4054 1244 4125 contin-e·

247 4189 304 4249 tur
327 4164 545 4241 seeiionibus:
572 4167 679 4238 Prima
696 4188 768 4250 est,
793 4168 829 4235 de
845 4178 976 4273 persona
1001 4198 1028 4247 rt
1050 4195 1155 4250 ueruto
1179 4187 1245 4276 Ap·

242 4297 344 4399 pioni.
381 4286 575 4378 ¹Secunda,
605 4292 817 4380 dormiunt,
851 4320 941 4388 quoru
966 4304 999 4370 in
1029 4300 1246 4396 conscribenda

244 4420 395 4497 Romano
420 4414 697 4510 historio-secutus
722 4436 780 4490 ert.
830 4421 949 4495 Tertia
972 4423 1249 4524 continetsr-rieut

250 4550 426 4630 librorum,
473 4565 528 4638 por
577 4568 650 4636 pror
683 4546 851 4643 apriano
884 4568 952 4622 rrot
987 4554 1064 4623 staec
1104 4557 1248 4633 historia.

251 4677 382 4782 Quarta
397 4668 649 4766 compleeiitur,
676 4675 807 4746 aaaron
826 4696 962 4749 rotarum
973 4676 1163 4772 Scriptorum
1179 4707 1249 4756 cum
1283 4733 1293 4747 -

252 4801 428 4890 tejt'iruuuio
454 4802 489 4867 de
514 4801 681 4893 Appiano,
723 4818 789 4872 tuut
817 4820 964 4896 excerpta
994 4828 1033 4872 ar
1056 4804 1126 4894 ejus
1151 4808 1251 4885 libris.

255 4921 384 5026 Quinta
409 4922 620 4996 recensentur
647 4927 721 4994 diui
746 4953 785 4998 eu·
811 4926 951 5020 ruitursi
978 4929 1028 4998 ido
1053 4948 1139 5021 opert
1164 4930 1248 5002 dudit

241 5044 442 5147 'mastiter
496 5053 598 5123 Sexta
622 5048 882 5142 demonstratur,
910 5054 1091 5126 Parthicum
1115 5059 1249 5146 lidruuz,

251 5171 303 5267 qu'
326 5171 407 5236 inter
435 5179 465 5243 A
481 5180 572 5264 piam
591 5176 723 5275 'scripto
742 5175 873 5268 fertur,
899 5180 980 5251 utut
1006 5184 1048 5252 od
1069 5185 1249 5278 Appianum

251 5295 428 5399 portitore,
470 5298 500 5366 in
540 5324 625 5393 uitur
649 5300 875 5407 j'uifirrpsrgr'i
915 5310 1007 5406 culpa
1043 5310 1158 5384 collato
1196 5306 1246 5390 dt.

1168 5430 1248 5506 Nor
