<?xml version="1.0" encoding="UTF-8"?>
<!DOCTYPE html PUBLIC "-//W3C//DTD XHTML 1.0 Transitional//EN"
    "http://www.w3.org/TR/xhtml1/DTD/xhtml1-transitional.dtd">
<html xmlns="http://www.w3.org/1999/xhtml" xml:lang="en" lang="en">
 <head>
  <title>
</title>
<meta http-equiv="Content-Type" content="text/html;charset=utf-8" />
  <meta name='ocr-system' content='tesseract 3.04.00' />
  <meta name='ocr-capabilities' content='ocr_page ocr_carea ocr_par ocr_line ocrx_word'/>
</head>
<body>
  <div class='ocr_page' id='page_1' title='image "./bibliotecacriti01wyttgoog_0399.png"; bbox 0 0 2900 7100; ppageno 0'>
   <div class='ocr_carea' id='block_1_1' title="bbox 597 1393 1150 1510">
    <p class='ocr_par' dir='ltr' id='par_1_1' title="bbox 597 1393 1150 1510">
     <span class='ocr_line' id='line_1_1' title="bbox 645 1393 1150 1412; baseline 0.004 0"><span class='ocrx_word' id='word_1_1' title='bbox 645 1403 649 1412; x_wconf 89' lang='grc' dir='ltr'>ι</span> <span class='ocrx_word' id='word_1_2' title='bbox 758 1393 764 1409; x_wconf 65' lang='lat'>0</span> <span class='ocrx_word' id='word_1_3' title='bbox 1146 1395 1150 1402; x_wconf 88' lang='lat'>¹</span> 
     </span>
     <span class='ocr_line' id='line_1_2' title="bbox 865 1415 873 1430; baseline 0 0"><span class='ocrx_word' id='word_1_4' title='bbox 865 1415 873 1430; x_wconf 55' lang='grc' dir='ltr'>ἱ</span> 
     </span>
     <span class='ocr_line' id='line_1_3' title="bbox 597 1479 601 1488; baseline 0 0"><span class='ocrx_word' id='word_1_5' title='bbox 597 1479 601 1488; x_wconf 82' lang='grc' dir='ltr'>ι</span> 
     </span>
     <span class='ocr_line' id='line_1_4' title="bbox 997 1499 1000 1510; baseline 0 0"><span class='ocrx_word' id='word_1_6' title='bbox 997 1499 1000 1510; x_wconf 92' lang='grc' dir='ltr'>ι</span> 
     </span>
    </p>
   </div>
   <div class='ocr_carea' id='block_1_2' title="bbox 328 1645 1356 1824">
    <p class='ocr_par' dir='ltr' id='par_1_2' title="bbox 328 1645 1356 1824">
     <span class='ocr_line' id='line_1_5' title="bbox 328 1645 1356 1824; baseline 0 -39"><span class='ocrx_word' id='word_1_7' title='bbox 328 1645 712 1786; x_wconf 66' lang='lat' dir='ltr'>cunittonis</span> <span class='ocrx_word' id='word_1_8' title='bbox 742 1699 1106 1821; x_wconf 75' lang='lat' dir='ltr'>unnvronaa</span> <span class='ocrx_word' id='word_1_9' title='bbox 1154 1722 1225 1824; x_wconf 62' lang='lat' dir='ltr'>up</span> <span class='ocrx_word' id='word_1_10' title='bbox 1353 1695 1356 1702; x_wconf 87' lang='grc'><em>·</em></span> 
     </span>
    </p>
   </div>
   <div class='ocr_carea' id='block_1_3' title="bbox 168 1863 1219 2234">
    <p class='ocr_par' dir='ltr' id='par_1_3' title="bbox 168 1863 1219 2234">
     <span class='ocr_line' id='line_1_6' title="bbox 168 1863 1217 1983; baseline 0.007 -27"><span class='ocrx_word' id='word_1_11' title='bbox 168 1863 172 1872; x_wconf 49' lang='grc'><strong>“</strong></span> <span class='ocrx_word' id='word_1_12' title='bbox 226 1870 398 1957; x_wconf 61' lang='lat' dir='ltr'>munnae</span> <span class='ocrx_word' id='word_1_13' title='bbox 420 1881 635 1978; x_wconf 76' lang='lat' dir='ltr'>praestantia,</span> <span class='ocrx_word' id='word_1_14' title='bbox 662 1885 703 1959; x_wconf 73' lang='lat' dir='ltr'>ei</span> <span class='ocrx_word' id='word_1_15' title='bbox 726 1881 861 1959; x_wconf 86' lang='lat' dir='ltr'>tationia</span> <span class='ocrx_word' id='word_1_16' title='bbox 880 1880 1080 1977; x_wconf 80' lang='lat' dir='ltr'>subtilitate,</span> <span class='ocrx_word' id='word_1_17' title='bbox 1104 1886 1217 1983; x_wconf 88' lang='lat' dir='ltr'>utqui</span> 
     </span>
     <span class='ocr_line' id='line_1_7' title="bbox 201 2004 1219 2122; baseline 0.003 -38"><span class='ocrx_word' id='word_1_18' title='bbox 201 2018 321 2118; x_wconf 53' lang='lat' dir='ltr'>,nunc</span> <span class='ocrx_word' id='word_1_19' title='bbox 332 2004 375 2078; x_wconf 93' lang='lat' dir='ltr'>de</span> <span class='ocrx_word' id='word_1_20' title='bbox 392 2004 460 2083; x_wconf 90' lang='lat' dir='ltr'>hoc</span> <span class='ocrx_word' id='word_1_21' title='bbox 474 2020 672 2122; x_wconf 84' lang='lat' dir='ltr'>argumento</span> <span class='ocrx_word' id='word_1_22' title='bbox 692 2009 985 2107; x_wconf 87' lang='lat' dir='ltr'>philosophantur,</span> <span class='ocrx_word' id='word_1_23' title='bbox 1008 2009 1048 2086; x_wconf 78' lang='grc' dir='ltr'>δι</span> <span class='ocrx_word' id='word_1_24' title='bbox 1071 2007 1219 2108; x_wconf 69' lang='lat' dir='ltr'>profecti</span> 
     </span>
     <span class='ocr_line' id='line_1_8' title="bbox 226 2128 1216 2234; baseline 0.007 -30"><span class='ocrx_word' id='word_1_25' title='bbox 226 2128 288 2206; x_wconf 89' lang='lat' dir='ltr'>smt</span> <span class='ocrx_word' id='word_1_26' title='bbox 303 2131 344 2205; x_wconf 84' lang='lat' dir='ltr'>ah</span> <span class='ocrx_word' id='word_1_27' title='bbox 361 2131 558 2231; x_wconf 76' lang='lat' dir='ltr'>Aristotele,</span> <span class='ocrx_word' id='word_1_28' title='bbox 582 2134 621 2212; x_wconf 79' lang='lat' dir='ltr'>dr</span> <span class='ocrx_word' id='word_1_29' title='bbox 633 2136 684 2234; x_wconf 76' lang='lat' dir='ltr'>ita</span> <span class='ocrx_word' id='word_1_30' title='bbox 698 2132 839 2230; x_wconf 89' lang='lat' dir='ltr'>quisque</span> <span class='ocrx_word' id='word_1_31' title='bbox 860 2134 1004 2210; x_wconf 84' lang='lat' dir='ltr'>maxime</span> <span class='ocrx_word' id='word_1_32' title='bbox 1026 2138 1216 2233; x_wconf 83' lang='lat' dir='ltr'>probetur,</span> 
     </span>
    </p>
   </div>
   <div class='ocr_carea' id='block_1_4' title="bbox 191 2254 1345 5444">
    <p class='ocr_par' dir='ltr' id='par_1_4' title="bbox 216 2254 1345 3468">
     <span class='ocr_line' id='line_1_9' title="bbox 220 2254 1345 2353; baseline 0.006 -21"><span class='ocrx_word' id='word_1_33' title='bbox 220 2274 259 2332; x_wconf 89' lang='lat' dir='ltr'>ut</span> <span class='ocrx_word' id='word_1_34' title='bbox 299 2256 383 2331; x_wconf 76' lang='lat' dir='ltr'>illius</span> <span class='ocrx_word' id='word_1_35' title='bbox 413 2259 552 2352; x_wconf 81' lang='lat' dir='ltr'>vestigia</span> <span class='ocrx_word' id='word_1_36' title='bbox 586 2254 833 2351; x_wconf 77' lang='lat' dir='ltr'>diligentissime</span> <span class='ocrx_word' id='word_1_37' title='bbox 869 2255 1062 2353; x_wconf 68' lang='lat' dir='ltr'>persecutus</span> <span class='ocrx_word' id='word_1_38' title='bbox 1097 2261 1214 2340; x_wconf 78' lang='lat' dir='ltr'>fuerit.</span> <span class='ocrx_word' id='word_1_39' title='bbox 1338 2305 1345 2325; x_wconf 88' lang='lat'><strong>·</strong></span> 
     </span>
     <span class='ocr_line' id='line_1_10' title="bbox 220 2377 1214 2475; baseline 0.006 -19"><span class='ocrx_word' id='word_1_40' title='bbox 220 2383 381 2456; x_wconf 86' lang='lat' dir='ltr'>Ceterum</span> <span class='ocrx_word' id='word_1_41' title='bbox 404 2378 475 2472; x_wconf 85' lang='lat' dir='ltr'>ejus</span> <span class='ocrx_word' id='word_1_42' title='bbox 491 2377 710 2475; x_wconf 81' lang='lat' dir='ltr'>intelligentia</span> <span class='ocrx_word' id='word_1_43' title='bbox 734 2383 854 2457; x_wconf 75' lang='lat' dir='ltr'>multat</span> <span class='ocrx_word' id='word_1_44' title='bbox 868 2383 969 2457; x_wconf 88' lang='lat' dir='ltr'>habet</span> <span class='ocrx_word' id='word_1_45' title='bbox 985 2379 1214 2462; x_wconf 74' lang='lat' dir='ltr'>difficultatem</span> 
     </span>
     <span class='ocr_line' id='line_1_11' title="bbox 221 2501 1218 2603; baseline -0.001 -27"><span class='ocrx_word' id='word_1_46' title='bbox 221 2527 300 2576; x_wconf 91' lang='lat' dir='ltr'>curn</span> <span class='ocrx_word' id='word_1_47' title='bbox 326 2526 345 2574; x_wconf 88' lang='lat' dir='ltr'>a</span> <span class='ocrx_word' id='word_1_48' title='bbox 368 2501 524 2576; x_wconf 84' lang='lat' dir='ltr'>fortunae</span> <span class='ocrx_word' id='word_1_49' title='bbox 556 2503 751 2601; x_wconf 83' lang='lat' dir='ltr'>iniquitate,</span> <span class='ocrx_word' id='word_1_50' title='bbox 777 2529 862 2603; x_wconf 89' lang='lat' dir='ltr'>quae</span> <span class='ocrx_word' id='word_1_51' title='bbox 887 2525 983 2579; x_wconf 86' lang='lat' dir='ltr'>tanta</span> <span class='ocrx_word' id='word_1_52' title='bbox 1007 2505 1116 2579; x_wconf 88' lang='lat' dir='ltr'>libello</span> <span class='ocrx_word' id='word_1_53' title='bbox 1139 2509 1218 2581; x_wconf 73' lang='lat' dir='ltr'>vul..</span> 
     </span>
     <span class='ocr_line' id='line_1_12' title="bbox 223 2625 1218 2729; baseline 0.003 -29"><span class='ocrx_word' id='word_1_54' title='bbox 223 2637 302 2700; x_wconf 85' lang='lat' dir='ltr'>nera</span> <span class='ocrx_word' id='word_1_55' title='bbox 322 2625 469 2713; x_wconf 76' lang='lat' dir='ltr'>inflixit,</span> <span class='ocrx_word' id='word_1_56' title='bbox 497 2646 535 2702; x_wconf 92' lang='lat' dir='ltr'>ut</span> <span class='ocrx_word' id='word_1_57' title='bbox 551 2630 711 2728; x_wconf 77' lang='lat' dir='ltr'>plurimae</span> <span class='ocrx_word' id='word_1_58' title='bbox 723 2650 835 2729; x_wconf 79' lang='lat' dir='ltr'>parter</span> <span class='ocrx_word' id='word_1_59' title='bbox 854 2633 924 2728; x_wconf 86' lang='lat' dir='ltr'>ejus</span> <span class='ocrx_word' id='word_1_60' title='bbox 941 2649 1118 2724; x_wconf 77' lang='lat' dir='ltr'>corruptae</span> <span class='ocrx_word' id='word_1_61' title='bbox 1132 2628 1218 2726; x_wconf 82' lang='lat' dir='ltr'>sint,</span> 
     </span>
     <span class='ocr_line' id='line_1_13' title="bbox 220 2743 1213 2849; baseline 0.006 -26"><span class='ocrx_word' id='word_1_62' title='bbox 220 2748 381 2847; x_wconf 76' lang='lat' dir='ltr'>quaedam</span> <span class='ocrx_word' id='word_1_63' title='bbox 402 2753 536 2849; x_wconf 73' lang='lat' dir='ltr'>penitus</span> <span class='ocrx_word' id='word_1_64' title='bbox 559 2754 766 2834; x_wconf 84' lang='lat' dir='ltr'>interierint:</span> <span class='ocrx_word' id='word_1_65' title='bbox 792 2777 864 2832; x_wconf 89' lang='lat' dir='ltr'>tum</span> <span class='ocrx_word' id='word_1_66' title='bbox 887 2759 929 2830; x_wconf 88' lang='lat' dir='ltr'>ab</span> <span class='ocrx_word' id='word_1_67' title='bbox 954 2754 1113 2830; x_wconf 77' lang='lat' dir='ltr'>orationis</span> <span class='ocrx_word' id='word_1_68' title='bbox 1138 2743 1213 2829; x_wconf 76' lang='lat' dir='ltr'>lire·</span> 
     </span>
     <span class='ocr_line' id='line_1_14' title="bbox 220 2876 1217 2978; baseline 0.001 -25"><span class='ocrx_word' id='word_1_69' title='bbox 220 2876 328 2953; x_wconf 84' lang='lat' dir='ltr'>vitate</span> <span class='ocrx_word' id='word_1_70' title='bbox 343 2934 354 2970; x_wconf 94' lang='lat'>,</span> <span class='ocrx_word' id='word_1_71' title='bbox 368 2954 371 2959; x_wconf 70' lang='grc'><strong>,</strong></span> <span class='ocrx_word' id='word_1_72' title='bbox 385 2878 587 2977; x_wconf 84' lang='lat' dir='ltr'>rationisque</span> <span class='ocrx_word' id='word_1_73' title='bbox 611 2880 812 2973; x_wconf 74' lang='lat' dir='ltr'>subtilitate,</span> <span class='ocrx_word' id='word_1_74' title='bbox 847 2904 946 2978; x_wconf 89' lang='lat' dir='ltr'>quam</span> <span class='ocrx_word' id='word_1_75' title='bbox 975 2877 1075 2976; x_wconf 88' lang='lat' dir='ltr'>pauci</span> <span class='ocrx_word' id='word_1_76' title='bbox 1099 2879 1217 2977; x_wconf 75' lang='lat' dir='ltr'>legen·¹</span> 
     </span>
     <span class='ocr_line' id='line_1_15' title="bbox 216 3000 1214 3104; baseline -0.001 -28"><span class='ocrx_word' id='word_1_77' title='bbox 216 3000 303 3076; x_wconf 87' lang='lat' dir='ltr'>tium</span> <span class='ocrx_word' id='word_1_78' title='bbox 325 3001 401 3077; x_wconf 76' lang='lat' dir='ltr'>sarua</span> <span class='ocrx_word' id='word_1_79' title='bbox 413 3003 639 3101; x_wconf 86' lang='lat' dir='ltr'>assequuntur.</span> <span class='ocrx_word' id='word_1_80' title='bbox 672 3008 879 3104; x_wconf 85' lang='lat' dir='ltr'>iuterpretes</span> <span class='ocrx_word' id='word_1_81' title='bbox 906 3004 993 3079; x_wconf 88' lang='lat' dir='ltr'>adeo</span> <span class='ocrx_word' id='word_1_82' title='bbox 1020 3001 1119 3101; x_wconf 82' lang='lat' dir='ltr'>pauci</span> <span class='ocrx_word' id='word_1_83' title='bbox 1135 3000 1214 3077; x_wconf 85' lang='lat' dir='ltr'>fue·</span> 
     </span>
     <span class='ocr_line' id='line_1_16' title="bbox 221 3124 1214 3223; baseline -0.001 -23"><span class='ocrx_word' id='word_1_84' title='bbox 221 3143 301 3200; x_wconf 88' lang='lat' dir='ltr'>runt</span> <span class='ocrx_word' id='word_1_85' title='bbox 341 3144 496 3201; x_wconf 84' lang='lat' dir='ltr'>accurata</span> <span class='ocrx_word' id='word_1_86' title='bbox 538 3128 686 3200; x_wconf 85' lang='lat' dir='ltr'>Graecae</span> <span class='ocrx_word' id='word_1_87' title='bbox 729 3128 950 3223; x_wconf 82' lang='lat' dir='ltr'>Antiquitatis</span> <span class='ocrx_word' id='word_1_88' title='bbox 982 3126 1020 3202; x_wconf 77' lang='lat' dir='ltr'>dt</span> <span class='ocrx_word' id='word_1_89' title='bbox 1055 3124 1214 3201; x_wconf 76' lang='lat' dir='ltr'>orationis</span> 
     </span>
     <span class='ocr_line' id='line_1_17' title="bbox 220 3246 1215 3343; baseline -0.003 -21"><span class='ocrx_word' id='word_1_90' title='bbox 220 3246 357 3323; x_wconf 86' lang='lat' dir='ltr'>scientia</span> <span class='ocrx_word' id='word_1_91' title='bbox 371 3247 519 3325; x_wconf 75' lang='lat' dir='ltr'>instructi</span> <span class='ocrx_word' id='word_1_92' title='bbox 535 3270 544 3320; x_wconf 75' lang='grc' dir='ltr'><em>τ</em></span> <span class='ocrx_word' id='word_1_93' title='bbox 558 3249 751 3343; x_wconf 83' lang='lat' dir='ltr'>pauciores,</span> <span class='ocrx_word' id='word_1_94' title='bbox 776 3273 839 3324; x_wconf 91' lang='lat' dir='ltr'>nec</span> <span class='ocrx_word' id='word_1_95' title='bbox 857 3249 929 3323; x_wconf 86' lang='lat' dir='ltr'>fere</span> <span class='ocrx_word' id='word_1_96' title='bbox 945 3248 1003 3323; x_wconf 85' lang='lat' dir='ltr'>nist</span> <span class='ocrx_word' id='word_1_97' title='bbox 1026 3250 1053 3321; x_wconf 88' lang='lat' dir='ltr'><strong>P</strong></span> <span class='ocrx_word' id='word_1_98' title='bbox 1090 3247 1215 3321; x_wconf 67' lang='lat' dir='ltr'>Viciu·</span> 
     </span>
     <span class='ocr_line' id='line_1_18' title="bbox 221 3367 1217 3468; baseline 0 -24"><span class='ocrx_word' id='word_1_99' title='bbox 221 3369 306 3459; x_wconf 86' lang='lat' dir='ltr'>rius,</span> <span class='ocrx_word' id='word_1_100' title='bbox 317 3370 413 3442; x_wconf 83' lang='lat' dir='ltr'>Fred.</span> <span class='ocrx_word' id='word_1_101' title='bbox 425 3370 618 3468; x_wconf 85' lang='lat' dir='ltr'>Sylburgius</span> <span class='ocrx_word' id='word_1_102' title='bbox 630 3437 635 3446; x_wconf 94' lang='lat'><em>.</em></span> <span class='ocrx_word' id='word_1_103' title='bbox 648 3374 782 3451; x_wconf 78' lang='lat' dir='ltr'>&amp;Dan</span> <span class='ocrx_word' id='word_1_104' title='bbox 798 3374 955 3452; x_wconf 73' lang='lat' dir='ltr'>Heinsius</span> <span class='ocrx_word' id='word_1_105' title='bbox 965 3430 975 3466; x_wconf 91' lang='lat'>,</span> <span class='ocrx_word' id='word_1_106' title='bbox 984 3374 1020 3448; x_wconf 87' lang='lat' dir='ltr'>in</span> <span class='ocrx_word' id='word_1_107' title='bbox 1029 3367 1217 3447; x_wconf 73' lang='lat' dir='ltr'>Aristotelis</span> 
     </span>
    </p>

    <p class='ocr_par' dir='ltr' id='par_1_5' title="bbox 191 3493 1324 5444">
     <span class='ocr_line' id='line_1_19' title="bbox 193 3493 1324 3601; baseline 0.004 -32"><span class='ocrx_word' id='word_1_108' title='bbox 193 3493 366 3600; x_wconf 71' lang='lat' dir='ltr'>¹lec&#39;lione</span> <span class='ocrx_word' id='word_1_109' title='bbox 391 3494 495 3590; x_wconf 85' lang='lat' dir='ltr'>probe</span> <span class='ocrx_word' id='word_1_110' title='bbox 525 3493 672 3572; x_wconf 84' lang='lat' dir='ltr'>versati:</span> <span class='ocrx_word' id='word_1_111' title='bbox 704 3501 871 3601; x_wconf 87' lang='lat' dir='ltr'>plerique,</span> <span class='ocrx_word' id='word_1_112' title='bbox 904 3500 928 3576; x_wconf 86' lang='lat' dir='ltr'>sr</span> <span class='ocrx_word' id='word_1_113' title='bbox 955 3500 1035 3600; x_wconf 90' lang='lat' dir='ltr'>quid</span> <span class='ocrx_word' id='word_1_114' title='bbox 1061 3497 1215 3573; x_wconf 86' lang='lat' dir='ltr'>acumine</span> <span class='ocrx_word' id='word_1_115' title='bbox 1320 3590 1324 3597; x_wconf 18' lang='lat'><strong><em>¹</em></strong></span> 
     </span>
     <span class='ocr_line' id='line_1_20' title="bbox 220 3618 1215 3711; baseline 0.002 -16"><span class='ocrx_word' id='word_1_116' title='bbox 220 3645 261 3695; x_wconf 87' lang='lat' dir='ltr'>ac</span> <span class='ocrx_word' id='word_1_117' title='bbox 280 3618 430 3695; x_wconf 76' lang='lat' dir='ltr'>doctrina</span> <span class='ocrx_word' id='word_1_118' title='bbox 454 3619 621 3711; x_wconf 83' lang='lat' dir='ltr'>ualerent,</span> <span class='ocrx_word' id='word_1_119' title='bbox 645 3625 742 3699; x_wconf 79' lang='lat' dir='ltr'>ruder</span> <span class='ocrx_word' id='word_1_120' title='bbox 765 3645 858 3700; x_wconf 89' lang='lat' dir='ltr'>eraut</span> <span class='ocrx_word' id='word_1_121' title='bbox 876 3622 1109 3698; x_wconf 86' lang='lat' dir='ltr'>Aristotelicae</span> <span class='ocrx_word' id='word_1_122' title='bbox 1134 3644 1215 3697; x_wconf 90' lang='lat' dir='ltr'>con·</span> 
     </span>
     <span class='ocr_line' id='line_1_21' title="bbox 219 3716 1214 3847; baseline 0.004 -28"><span class='ocrx_word' id='word_1_123' title='bbox 219 3744 423 3833; x_wconf 82' lang='lat' dir='ltr'>suetudinis,</span> <span class='ocrx_word' id='word_1_124' title='bbox 458 3743 497 3820; x_wconf 81' lang='lat' dir='ltr'>dr</span> <span class='ocrx_word' id='word_1_125' title='bbox 521 3768 563 3818; x_wconf 80' lang='lat' dir='ltr'>ex</span> <span class='ocrx_word' id='word_1_126' title='bbox 586 3716 771 3847; x_wconf 75' lang='lat' dir='ltr'>Philosophi</span> <span class='ocrx_word' id='word_1_127' title='bbox 797 3748 886 3822; x_wconf 88' lang='lat' dir='ltr'>libris</span> <span class='ocrx_word' id='word_1_128' title='bbox 912 3749 1002 3822; x_wconf 85' lang='lat' dir='ltr'>hunc</span> <span class='ocrx_word' id='word_1_129' title='bbox 1025 3750 1080 3820; x_wconf 90' lang='lat' dir='ltr'>vel</span> <span class='ocrx_word' id='word_1_130' title='bbox 1108 3771 1214 3823; x_wconf 87' lang='lat' dir='ltr'>unum</span> 
     </span>
     <span class='ocr_line' id='line_1_22' title="bbox 218 3868 1215 3966; baseline 0.002 -24"><span class='ocrx_word' id='word_1_131' title='bbox 218 3872 273 3942; x_wconf 86' lang='lat' dir='ltr'>vel</span> <span class='ocrx_word' id='word_1_132' title='bbox 296 3893 373 3943; x_wconf 89' lang='lat' dir='ltr'>cum</span> <span class='ocrx_word' id='word_1_133' title='bbox 388 3870 503 3966; x_wconf 89' lang='lat' dir='ltr'>paucis</span> <span class='ocrx_word' id='word_1_134' title='bbox 531 3870 689 3963; x_wconf 83' lang='lat' dir='ltr'>legerant.</span> <span class='ocrx_word' id='word_1_135' title='bbox 739 3874 847 3966; x_wconf 85' lang='lat' dir='ltr'>Igitur</span> <span class='ocrx_word' id='word_1_136' title='bbox 867 3869 909 3942; x_wconf 88' lang='lat' dir='ltr'>ad</span> <span class='ocrx_word' id='word_1_137' title='bbox 921 3870 1020 3956; x_wconf 70' lang='lat' dir='ltr'>bene,</span> <span class='ocrx_word' id='word_1_138' title='bbox 1028 3868 1072 3941; x_wconf 93' lang='lat' dir='ltr'>de</span> <span class='ocrx_word' id='word_1_139' title='bbox 1091 3870 1215 3944; x_wconf 82' lang='lat' dir='ltr'>Literia</span> 
     </span>
     <span class='ocr_line' id='line_1_23' title="bbox 216 3991 1216 4086; baseline 0.001 -20"><span class='ocrx_word' id='word_1_140' title='bbox 216 3995 411 4067; x_wconf 88' lang='lat' dir='ltr'>merendum</span> <span class='ocrx_word' id='word_1_141' title='bbox 438 4015 557 4086; x_wconf 87' lang='lat' dir='ltr'>magna</span> <span class='ocrx_word' id='word_1_142' title='bbox 584 3992 694 4065; x_wconf 87' lang='lat' dir='ltr'>estin</span> <span class='ocrx_word' id='word_1_143' title='bbox 720 3992 829 4066; x_wconf 87' lang='lat' dir='ltr'>hhelio</span> <span class='ocrx_word' id='word_1_144' title='bbox 849 3991 1015 4082; x_wconf 87' lang='lat' dir='ltr'>materia,</span> <span class='ocrx_word' id='word_1_145' title='bbox 1049 3993 1118 4067; x_wconf 80' lang='lat' dir='ltr'>sive</span> <span class='ocrx_word' id='word_1_146' title='bbox 1144 3993 1216 4067; x_wconf 89' lang='lat' dir='ltr'>illu·</span> 
     </span>
     <span class='ocr_line' id='line_1_24' title="bbox 191 4111 1215 4216; baseline 0.006 -29"><span class='ocrx_word' id='word_1_147' title='bbox 191 4204 197 4216; x_wconf 31' lang='lat'>⁸</span> <span class='ocrx_word' id='word_1_148' title='bbox 219 4111 368 4187; x_wconf 80' lang='lat' dir='ltr'>litandae</span> <span class='ocrx_word' id='word_1_149' title='bbox 391 4112 588 4208; x_wconf 68' lang='lat' dir='ltr'>doetrinae,</span> <span class='ocrx_word' id='word_1_150' title='bbox 619 4115 689 4190; x_wconf 87' lang='lat' dir='ltr'>sne</span> <span class='ocrx_word' id='word_1_151' title='bbox 712 4117 937 4203; x_wconf 85' lang='lat' dir='ltr'>emendandae</span> <span class='ocrx_word' id='word_1_152' title='bbox 959 4117 1140 4206; x_wconf 66' lang='lat' dir='ltr'>orationis,-</span> <span class='ocrx_word' id='word_1_153' title='bbox 1176 4136 1215 4193; x_wconf 87' lang='lat' dir='ltr'>ut</span> 
     </span>
     <span class='ocr_line' id='line_1_25' title="bbox 219 4236 1215 4344; baseline 0.011 -33"><span class='ocrx_word' id='word_1_154' title='bbox 219 4236 354 4312; x_wconf 87' lang='lat' dir='ltr'>minime</span> <span class='ocrx_word' id='word_1_155' title='bbox 368 4238 479 4314; x_wconf 74' lang='lat' dir='ltr'>nilum</span> <span class='ocrx_word' id='word_1_156' title='bbox 500 4263 599 4338; x_wconf 89' lang='lat' dir='ltr'>agere</span> <span class='ocrx_word' id='word_1_157' title='bbox 619 4243 774 4318; x_wconf 86' lang='lat' dir='ltr'>videatur</span> <span class='ocrx_word' id='word_1_158' title='bbox 793 4244 849 4342; x_wconf 89' lang='lat' dir='ltr'>qui</span> <span class='ocrx_word' id='word_1_159' title='bbox 873 4266 1008 4341; x_wconf 88' lang='lat' dir='ltr'>operam</span> <span class='ocrx_word' id='word_1_160' title='bbox 1032 4247 1066 4320; x_wconf 91' lang='lat' dir='ltr'>in</span> <span class='ocrx_word' id='word_1_161' title='bbox 1092 4269 1136 4321; x_wconf 92' lang='lat' dir='ltr'>eo</span> <span class='ocrx_word' id='word_1_162' title='bbox 1152 4271 1215 4344; x_wconf 86' lang='lat' dir='ltr'>po·</span> 
     </span>
     <span class='ocr_line' id='line_1_26' title="bbox 217 4358 1211 4469; baseline 0.009 -32"><span class='ocrx_word' id='word_1_163' title='bbox 217 4358 328 4438; x_wconf 80' lang='lat' dir='ltr'>suerit.</span> <span class='ocrx_word' id='word_1_164' title='bbox 380 4366 426 4438; x_wconf 89' lang='lat' dir='ltr'>Et</span> <span class='ocrx_word' id='word_1_165' title='bbox 452 4365 494 4439; x_wconf 91' lang='lat' dir='ltr'>de</span> <span class='ocrx_word' id='word_1_166' title='bbox 518 4366 752 4462; x_wconf 87' lang='lat' dir='ltr'>Winstanleyo</span> <span class='ocrx_word' id='word_1_167' title='bbox 776 4371 912 4464; x_wconf 88' lang='lat' dir='ltr'>quidem</span> <span class='ocrx_word' id='word_1_168' title='bbox 933 4370 1020 4446; x_wconf 91' lang='lat' dir='ltr'>haud</span> <span class='ocrx_word' id='word_1_169' title='bbox 1052 4373 1211 4469; x_wconf 78' lang='lat' dir='ltr'>exiguam</span> 
     </span>
     <span class='ocr_line' id='line_1_27' title="bbox 219 4488 1214 4591; baseline 0.008 -30"><span class='ocrx_word' id='word_1_170' title='bbox 219 4488 413 4591; x_wconf 89' lang='lat' dir='ltr'>opinionem</span> <span class='ocrx_word' id='word_1_171' title='bbox 454 4505 741 4581; x_wconf 72' lang='lat' dir='ltr'>conceperamusr</span> <span class='ocrx_word' id='word_1_172' title='bbox 784 4495 874 4585; x_wconf 92' lang='lat' dir='ltr'>quod</span> <span class='ocrx_word' id='word_1_173' title='bbox 917 4517 1214 4591; x_wconf 80' lang='lat' dir='ltr'>cognoveramus,</span> 
     </span>
     <span class='ocr_line' id='line_1_28' title="bbox 220 4609 1216 4708; baseline 0.005 -26"><span class='ocrx_word' id='word_1_174' title='bbox 220 4633 299 4683; x_wconf 87' lang='lat' dir='ltr'>cum</span> <span class='ocrx_word' id='word_1_175' title='bbox 330 4609 505 4705; x_wconf 83' lang='lat' dir='ltr'>diligenter</span> <span class='ocrx_word' id='word_1_176' title='bbox 534 4610 680 4708; x_wconf 88' lang='lat' dir='ltr'>undique</span> <span class='ocrx_word' id='word_1_177' title='bbox 701 4611 837 4686; x_wconf 76' lang='lat' dir='ltr'>subfidia</span> <span class='ocrx_word' id='word_1_178' title='bbox 864 4615 1028 4689; x_wconf 86' lang='lat' dir='ltr'>ornandae</span> <span class='ocrx_word' id='word_1_179' title='bbox 1060 4613 1216 4689; x_wconf 79' lang='lat' dir='ltr'>editionis</span> 
     </span>
     <span class='ocr_line' id='line_1_29' title="bbox 221 4736 1217 4838; baseline 0.004 -26"><span class='ocrx_word' id='word_1_180' title='bbox 221 4736 428 4812; x_wconf 85' lang='lat' dir='ltr'>contrahere.</span> <span class='ocrx_word' id='word_1_181' title='bbox 463 4738 588 4835; x_wconf 87' lang='lat' dir='ltr'>Neque</span> <span class='ocrx_word' id='word_1_182' title='bbox 605 4740 707 4814; x_wconf 89' lang='lat' dir='ltr'>etiam</span> <span class='ocrx_word' id='word_1_183' title='bbox 727 4763 789 4814; x_wconf 86' lang='lat' dir='ltr'>nos</span> <span class='ocrx_word' id='word_1_184' title='bbox 805 4739 935 4836; x_wconf 82' lang='lat' dir='ltr'>prorsus</span> <span class='ocrx_word' id='word_1_185' title='bbox 949 4739 1069 4814; x_wconf 89' lang='lat' dir='ltr'>fefelht</span> <span class='ocrx_word' id='word_1_186' title='bbox 1088 4737 1217 4838; x_wconf 87' lang='lat' dir='ltr'>opinio.</span> 
     </span>
     <span class='ocr_line' id='line_1_30' title="bbox 219 4864 1213 4962; baseline -0.001 -21"><span class='ocrx_word' id='word_1_187' title='bbox 219 4864 312 4941; x_wconf 89' lang='lat' dir='ltr'>Nam</span> <span class='ocrx_word' id='word_1_188' title='bbox 349 4864 559 4939; x_wconf 87' lang='lat' dir='ltr'>varietatem·</span> <span class='ocrx_word' id='word_1_189' title='bbox 580 4866 734 4940; x_wconf 86' lang='lat' dir='ltr'>codicum</span> <span class='ocrx_word' id='word_1_190' title='bbox 771 4865 1064 4956; x_wconf 76' lang='lat' dir='ltr'>Florentinum,</span> <span class='ocrx_word' id='word_1_191' title='bbox 1097 4885 1213 4962; x_wconf 84' lang='lat' dir='ltr'>purum</span> 
     </span>
     <span class='ocr_line' id='line_1_31' title="bbox 219 4990 1216 5086; baseline 0.005 -24"><span class='ocrx_word' id='word_1_192' title='bbox 219 4990 353 5086; x_wconf 89' lang='lat' dir='ltr'>quidem</span> <span class='ocrx_word' id='word_1_193' title='bbox 393 4991 477 5064; x_wconf 88' lang='lat' dir='ltr'>illam</span> <span class='ocrx_word' id='word_1_194' title='bbox 511 4990 711 5067; x_wconf 75' lang='lat' dir='ltr'>fruetuosam</span> <span class='ocrx_word' id='word_1_195' title='bbox 754 4993 794 5065; x_wconf 90' lang='lat' dir='ltr'>ad</span> <span class='ocrx_word' id='word_1_196' title='bbox 826 4991 980 5067; x_wconf 76' lang='lat' dir='ltr'>uuanda</span> <span class='ocrx_word' id='word_1_197' title='bbox 1011 4993 1216 5068; x_wconf 70' lang='lat' dir='ltr'>inveteratas</span> 
     </span>
     <span class='ocr_line' id='line_1_32' title="bbox 222 5115 1215 5218; baseline 0.007 -31"><span class='ocrx_word' id='word_1_198' title='bbox 222 5115 330 5205; x_wconf 87' lang='lat' dir='ltr'>labes,</span> <span class='ocrx_word' id='word_1_199' title='bbox 354 5117 506 5193; x_wconf 84' lang='lat' dir='ltr'>exhibuit</span> <span class='ocrx_word' id='word_1_200' title='bbox 532 5118 700 5193; x_wconf 83' lang='lat' dir='ltr'>tamen&amp;</span> <span class='ocrx_word' id='word_1_201' title='bbox 722 5119 865 5193; x_wconf 87' lang='lat' dir='ltr'>orationi</span> <span class='ocrx_word' id='word_1_202' title='bbox 891 5122 1041 5194; x_wconf 83' lang='lat' dir='ltr'>Graecae</span> <span class='ocrx_word' id='word_1_203' title='bbox 1063 5119 1215 5218; x_wconf 84' lang='lat' dir='ltr'>subjecit.</span> 
     </span>
     <span class='ocr_line' id='line_1_33' title="bbox 220 5237 1216 5338; baseline -0.003 -22"><span class='ocrx_word' id='word_1_204' title='bbox 220 5237 392 5327; x_wconf 78' lang='lat' dir='ltr'>¹l’atietatti</span> <span class='ocrx_word' id='word_1_205' title='bbox 429 5239 624 5338; x_wconf 65' lang='lat' dir='ltr'>subjunctae,</span> <span class='ocrx_word' id='word_1_206' title='bbox 643 5242 720 5315; x_wconf 89' lang='lat' dir='ltr'>suut</span> <span class='ocrx_word' id='word_1_207' title='bbox 757 5243 1068 5325; x_wconf 74' lang='lat' dir='ltr'>Anmadvefflones</span> <span class='ocrx_word' id='word_1_208' title='bbox 1104 5248 1216 5334; x_wconf 85' lang='lat' dir='ltr'>Upto·</span> 
     </span>
     <span class='ocr_line' id='line_1_34' title="bbox 669 5359 1218 5444; baseline -0.013 -2"><span class='ocrx_word' id='word_1_209' title='bbox 669 5367 754 5444; x_wconf 83' lang='lat' dir='ltr'>Ha</span> <span class='ocrx_word' id='word_1_210' title='bbox 1103 5359 1218 5436; x_wconf 78' lang='lat' dir='ltr'>manae</span> 
     </span>
    </p>
   </div>
   <div class='ocr_carea' id='block_1_5' title="bbox 0 0 1456 7092">
    <p class='ocr_par' dir='ltr' id='par_1_6' title="bbox 0 0 1456 7092">
     <span class='ocr_line' id='line_1_35' title="bbox 0 0 1456 7092; baseline 0 0"><span class='ocrx_word' id='word_1_211' title='bbox 0 0 1456 7092; x_wconf 95' lang='lat' dir='ltr'> </span> 
     </span>
    </p>
   </div>
  </div>
 </body>
</html>
