2900 7100
276 1713 1229 1885 rnssnurtunnrrrnsn.nr1sncnrr.21·
1284 1779 1287 1786 ·
1325 1775 1330 1782 ·

270 1946 309 2022 P.
328 1964 385 2038 ῃ.
411 1943 540 2038 Hymtn
571 1939 701 2028 XXV,
725 1961 768 2030 9·‚
796 1961 860 2014 10:
1034 1905 1036 1910 V

570 2145 686 2250 μέγας
707 2150 746 2231 θ’
776 2143 952 2274 ἐλελίζετ’
969 2140 1160 2258 ’Όλνμπος
1226 2149 1231 2158 ’

290 2277 397 2376 Attrir
417 2273 487 2365 iri
511 2276 615 2390 βρῖμῃ
640 2272 902 2386 γλαυκῶπιδῠς·
938 2337 1019 2406 -3-
1111 2279 1120 2293 ¹

221 2516 310 2589 Item
338 2536 383 2589 ex
409 2510 546 2613 ingenio
574 2509 763 2590 restitutur
791 2515 826 2590 in
860 2514 970 2592 locum
1003 2520 1133 2620 vulgati
1157 2497 1220 2585 ὕπ’

222 2625 412 2739 ὅμβρῖμης,
446 2646 486 2723 &
515 2648 646 2723 erudite
682 2649 908 2726 confirmatur.
964 2658 1115 2754 cognata
1147 2650 1217 2731 voit

221 2764 382 2875 βρίμημαι
412 2781 564 2856 redditur
594 2782 695 2858 etiam
730 2784 876 2862 Gemino
905 2788 1045 2865 Anth0L
1069 2791 1147 2882 IV,
1183 2798 1216 2869 8.

219 2946 253 3020 p.
278 2944 369 3015 450,
394 2943 456 3017 pro
472 2920 611 3017 vngato
637 2900 798 3010 μίμημα.

268 3048 460 3141 Sequuntur
492 3041 642 3134 nestorea
671 3066 704 3137 p.
725 3050 797 3126 80,
840 3037 959 3135 quibus
992 3040 1093 3114 etiam
1127 3067 1221 3118 nova·

221 3167 324 3239 multa
355 3167 588 3253 accesserunt,
621 3160 811 3259 praesertim
838 3185 951 3237 exeo
981 3187 1105 3259 genere
1125 3166 1236 3259 quod>

221 3288 263 3361 ad
284 3292 481 3385 Fragmenta
496 3287 650 3380 refertur.
1272 3359 1276 3368 ,

269 3414 306 3486 Ρ.
332 3435 412 3485 100.
435 3412 601 3487 Adfertur
621 3415 757 3512 longum
786 3416 1021 3511 Fragmentum
1045 3437 1067 3487 e
1088 3415 1217 3488 Galeno

220 3537 388 3636 Hippocr.
416 3537 454 3615 u
483 3540 609 3615 Platon.
638 3542 763 3638 Dogm.
790 3543 830 3616 L.
853 3542 907 3618 111
940 3566 974 3637 p.
1003 3563 1084 3635 273.
1132 3541 1251 3615 Hoc·
1355 3594 1358 3601 -

219 3686 415 3761 quamquam
451 3665 670 3741 adurerirum
687 3717 698 3753 ‚
718 3649 859 3765 'quippe
874 3741 877 3745 ,
891 3689 958 3765 quo
996 3665 1215 3763 interpolatur

219 3790 362 3866 Metidir
387 3790 531 3865 narratio
554 3789 687 3888 Theog.
706 3814 797 3885 927,
822 3812 934 3867 tamen
948 3792 993 3863 ob
1006 3807 1214 3864 vetustatem

217 3913 353 4013 dignum
374 3914 541 4010 judicavit
564 3912 786 3986 Ruhnkeuius
814 3914 905 4007 quod
934 3939 953 3987 a
982 3916 1108 3989 mendis
1135 3941 1216 4013 pur·

217 4057 323 4133 garet.
375 4038 483 4132 Igitur
509 4038 694 4131 complures
717 4056 913 4132 expromtae
941 4036 1016 4110 sunt
1043 4039 1214 4133 conjeiffl·

217 4183 273 4235 rae
297 4185 373 4237 cum
397 4159 584 4234 verissimae
605 4179 678 4234 tum
700 4160 923 4252 acutissimae3
941 4184 1021 4259 quus
1042 4162 1117 4260 quia
1141 4163 1214 4238 ion·

217 4276 298 4389 gun'r
322 4308 374 4364 est
395 4286 541 4377 referre,
564 4284 606 4359 ad
628 4285 689 4359 ulia
710 4309 897 4384 pergamus.
945 4287 1056 4386 Igitur
1076 4287 1210 4388 Epistn'·
1357 4358 1362 4371 ,

218 4416 269 4489 he
297 4413 420 4507 reliqua
449 4432 523 4506 pars
543 4433 650 4506 usque
677 4412 719 4484 ad
742 4437 818 4510 pag.
845 4435 912 4505 115
927 4470 944 4506 ‚.
969 4415 1005 4490 in
1033 4413 1212 4491 Hestodeir

217 4538 367 4614 versatur
381 4557 458 4609 curn
476 4533 557 4607 locis
574 4533 779 4630 integrorum
797 4539 1004 4630 Carminum,
1021 4558 1093 4613 turn
1110 4540 1215 4632 Frag·
1355 4613 1357 4616 .

215 4684 406 4739 mentorum
442 4683 624 4756 eorumque
653 4683 721 4734 non
751 4679 881 4735 tantum
921 4661 1113 4753 editorum,
1142 4661 1210 4735 -sed

217 4790 432 4888 quorumdam
457 4787 557 4861 etiam
586 4809 675 4861 nune
699 4787 841 4883 primum
863 4808 906 4859 ex
932 4786 1064 4861 ineditis
1092 4789 1211 4862 Gram·
1261 4869 1264 4873 ,

214 4916 343 4990 maricis
368 4914 627 5011 depromtotum.
685 4912 738 4985 Ex
762 4910 835 4984 toti
860 4909 923 4985 hae
950 4913 1048 5010 copii
1079 4913 1208 4989 duobus

216 5039 436 5137 defungemur
456 5037 697 5136 speciminibus.
789 5028 792 5033 ’

265 5170 302 5240 Ρ.
332 5174 412 5245 108.
446 5169 500 5240 Ex
528 5162 733 5259 Etymologo
760 5160 841 5236 MS.
867 5158 1092 5239 Bibliothecae
1120 5164 1208 5238 Pari·

215 5291 302 5400 strue
337 5286 507 5388 profertur
540 5286 663 5385 infigne
698 5284 943 5385 fragmentum,
989 5310 1057 5384 quo
1095 5282 1208 5380 Ajacis
1354 5318 1356 5322 2

536 5422 555 5493 ,’
641 5409 726 5504 ’Β3
1074 5404 1208 5480 minoris
