2900 7100
123 1707 130 1720 ’
228 1733 230 1737 ·
299 1679 305 1696 ’
370 1685 1241 1827 unuur‘rouusuunvrouns.117

247 1921 344 1977 antea
376 1899 523 1999 prodidit
553 1898 693 1994 'Audior
732 1900 821 1976 haud
858 1901 1028 2000 vulgarem
1061 1901 1245 1980 dotcrinam
1359 1881 1362 1890 Ι

248 2026 314 2102 aliis
337 2026 486 2125 scriptis,
511 2026 545 2100 in
568 2026 685 2123 quibus
700 2028 801 2104 etiam
825 2047 876 2102 est
899 2031 1036 2127 Censura
1053 2032 1246 2127 Scriptorum

246 2158 281 2228 dr
314 2160 383 2230 rita
418 2170 449 2224 ct
464 2216 468 2223 .
483 2154 574 2225 radus
605 2159 705 2246 gestis
737 2157 911 2228 Alexandri
935 2158 1059 2251 Magni
1070 2179 1085 2243 ‚·
1117 2154 1160 2228 de
1183 2178 1248 2255 qua

245 2277 391 2352 diximus
420 2295 514 2371 parte
551 2278 648 2371 hujus
680 2252 907 2378 Bibliothecae
930 2279 1082 2356 secunda.
1107 2321 1114 2334 ν

300 2404 368 2474 IV.
397 2402 653 2484 Exercitationes
677 2404 709 2471 in
733 2402 873 2495 Appiani
897 2404 1107 2476 Alexandrini
1130 2383 1251 2485 Roian-

251 2550 311 2599 nas
337 2522 524 2620 ruptarios:
552 2522 693 2617 prouida
725 2523 784 2616 Ja.
816 2523 1097 2621 Schweighaeuser.
1131 2531 1187 2602 Gr.
1221 2548 1253 2606 at

253 2654 377 2728 Orien.
402 2647 490 2719 Lar..
511 2643 603 2737 Prof.
629 2651 723 2724 rari.
748 2651 827 2726 Ord.
887 2653 982 2726 Unio.
1003 2652 1039 2742 fir.
1053 2669 1087 2725 a.
1111 2649 1254 2728 Radere.

252 2801 293 2871 4..
314 2774 538 2868 Argentarori:
554 2781 657 2867 1781.
695 2772 758 2848 Est
772 2772 858 2848 haec
872 2771 977 2871 prima
990 2799 1065 2873 para
1089 2773 1272 2874 scriptio-¹

249 2906 326 2995 nis,
343 2919 427 3004 quae
450 2897 492 2970 ad
519 2918 753 2995 argumentum
773 2900 1010 2998 disputationis
1030 2903 1256 2980 Academiae

185 3090 187 3094 .
247 3031 411 3129 inplores
432 3044 543 3122 partes
564 3023 736 3099 distributa
755 3026 909 3102 uidetur:
936 3046 972 3100 et
990 3028 1157 3119 subsrdiis,
1174 3051 1253 3103 cum
1344 3099 1349 3106 .

251 3150 442 3237 dominae,
468 3171 541 3222 tum
563 3149 718 3222 librorum
738 3147 1004 3225 veterum-haud
1018 3175 1138 3226 vanam
1157 3149 1254 3227 nobis
1307 3231 1313 3248 ,

252 3280 343 3375 spem
376 3274 458 3346 facit
484 3272 639 3370 egregiae
667 3267 826 3341 editionis
853 3268 1074 3346 Historiarum
1097 3274 1256 3372 Appiani.

254 3402 369 3494 Hujus
403 3399 571 3473 carridium
594 3416 671 3469 ante
700 3393 1076 3490 Schweighaeuscrum,
1101 3400 1149 3475 V.
1185 3401 1255 3492 CL,

254 3544 391 3626 ceperat
414 3522 631 3622 Mnsgravius
657 3539 694 3593 et
722 3543 798 3593 cum
827 3520 997 3598 Brunckid
1030 3526 1255 3605 communica·

254 3674 377 3741 verat,
412 3671 530 3749 petens
549 3652 591 3723 ab
615 3670 682 3738 eo,
708 3663 774 3737 ut,
805 3645 922 3721 fifieri
943 3649 1083 3745 posset,
1115 3678 1252 3752 operam

251 3778 479 3872 interponeret
520 3773 636 3862 suam,
668 3796 733 3870 qua
762 3773 1009 3848 nancisceretur
1044 3772 1255 3855 collationem

251 3900 377 3974 codicis
413 3896 626 3994 Augustani,
661 3919 705 3969 ex
723 3980 725 3983 ¹
745 3921 812 3991 quo
846 3895 997 3973 Davides
1033 3902 1256 3997 Hoeschelius

250 4026 328 4100 oiim
352 4022 499 4120 Appiani
524 4023 703 4097 Historiam
731 4018 893 4116 Illyricam
916 4020 1077 4098 ediderat.
1126 4025 1255 4127 Bupnc·

252 4153 325 4227 kius
348 4173 427 4223 cum
452 4147 768 4245 Schweighaeusero
791 4147 882 4246 egit:
908 4144 966 4245 qui
992 4127 1153 4224 continuo
1160 4207 1172 4243 ‚
1191 4176 1254 4249 pro

253 4277 309 4350 sua
333 4273 565 4361 humanitate,
607 4273 812 4372 gratificatus
837 4274 1068 4372 Musgravio,
1099 4278 1253 4357 codicem

253 4392 314 4498 per
342 4401 464 4473 amicos
484 4397 695 4491 Augustanos
718 4400 983 4492 Argentoratum
1005 4394 1192 4499 arcessivit,
1209 4405 1252 4479 ad
1350 4492 1355 4511 Ι

254 4543 398 4615 eumque
426 4543 503 4592 cum
530 4518 629 4589 editis
653 4517 814 4610 exemplis
845 4523 1102 4614 comparandum
1121 4550 1253 4622 aggres.

255 4646 307 4718 sus
337 4659 411 4715 est:
445 4666 525 4731 mou
574 4639 675 4713 literis
712 4643 754 4716 ad
790 4645 1026 4738 Musgtavium
1060 4645 1189 4742 scriptis
1219 4646 1253 4723 ei

254 4769 477 4871 significavit,
518 4767 553 4842 in
579 4766 697 4841 codice
731 4767 787 4841 illo
820 4787 951 4843 tantum
974 4772 1044 4844 esse
1067 4756 1253 4851 medicinae

128 4898 130 4903 ’
253 4901 295 4977 ad
318 4898 494 4971 sanandum
515 4894 733 4991 Appianum,
771 4914 808 4969 ut
836 4893 894 4969 nifi
923 4895 1045 4973 edendi
1075 4896 1248 4996 provincia

248 5033 316 5127 jam
347 5043 509 5120 occupata
536 5020 648 5112 esset,
681 5020 750 5118 ipse
781 5040 854 5092 eam
889 5019 1006 5096 iubens
1038 5023 1250 5123 suscepturus

255 5152 381 5230 fuisset.
447 5147 510 5222 Cui
539 5147 757 5245 Musgravius
789 5143 1037 5243 perhumaniter
1058 5150 1250 5248 respondit,

719 5274 803 5371 Ha
1001 5317 1006 5333 ν
1179 5289 1252 5365 gra·
