2900 7100
235 1885 237 1892 ¹
264 1783 411 1862 onon
428 1778 582 1858 etun.
597 1774 835 1860 uturum.
848 1773 927 1852 nu.
945 1771 1154 1852 Tunwu.
1179 1777 1227 1868 rs

677 2082 768 2188 lv.

225 2428 354 2521 trusi
379 2427 568 2527 tr'oou.
636 2424 699 2511 De
723 2423 949 2536 lapidibus,
971 2424 1111 2511 Po‘e’ma
1140 2427 1220 2512 Or·
1264 2525 1272 2544 „

271 2567 413 2674 pheno
447 2561 651 2675 quibusdam
689 2562 937 2672 adscriptum,
999 2561 1131 2647 Graece
1167 2565 1220 2660 ὃ
1314 2635 1318 2646 .

279 2704 444 2802 Latine,
493 2729 536 2786 ex
572 2700 719 2785 editione
762 2701 797 2808 J.
847 2701 911 2783 M.
958 2699 1216 2783 GEsNuR-t.

227 2883 231 2894 ·
276 2842 470 2951 Recensuit
486 2840 671 2950 Mtosqut
687 2838 817 2951 orljetit
836 2839 1072 2924 THOMss
1085 2839 1216 2926 TYR-

278 2982 486 3067 WHlTT.
535 2982 651 3064 Simul
665 2980 793 3086 prodit
819 2979 1039 3061 Antiatium
1064 2975 1215 3098 Dissut-

170 3215 173 3222 ,
279 3120 425 3206 tutionis
445 3118 485 3210 dt
506 3116 656 3209 Rubrio.
713 3115 1024 3224 Londio11781.
1064 3117 1103 3204 8.

220 3418 307 3540 Ex
329 3454 387 3544 iis,
411 3454 470 3552 qui
492 3479 582 3532 nunc
598 3456 715 3533 Critici
737 3456 773 3532 in
794 3454 961 3532 Britannia
978 3461 1220 3552 numerantur}

218 3583 360 3671 dubito,
384 3602 425 3653 an
449 3582 618 3680 quisquam
635 3583 701 3659 ullo
717 3583 758 3659 srt
785 3605 907 3680 genere
934 3583 1036 3657 laudis
1060 3585 1216 3659 Thoosae

220 3705 423 3808 Tyrwhitto
438 3709 699 3806 anteponendus.
733 3707 820 3783 Non
848 3710 935 3782 enim
952 3707 1045 3782 vanis
1062 3697 1219 3784 incertis·
1242 3732 1250 3749 ⁸

218 3853 284 3931 que
294 3830 491 3928 conjetturis
505 3834 662 3911 tenorem
671 3833 773 3919 ludit,
783 3853 841 3906 aut
849 3831 972 3928 ingenii
986 3834 1216 3911 ostentatione
1287 3796 1293 3837 Ι

215 3956 362 4043 lascivit,
388 3956 443 4028 sed
465 3957 600 4028 criticae
623 3954 811 4048 disciplinae
826 3953 1002 4030 severitate
1028 3961 1120 4052 usus,
1140 3962 1216 4035 sen·
1245 3999 1249 4009 ·
1277 3953 1295 4001 '⁶

217 4076 357 4152 tentiam
382 4079 542 4175 cujusque
565 4074 743 4170 scriptoris
773 4077 1001 4173 ampleffltur,
1032 4104 1076 4156 ex
1107 4102 1216 4177 eaque
1289 4086 1296 4173 ξ

215 4203 251 4279 in
279 4223 393 4276 ornnes
425 4220 536 4298 partes
568 4195 695 4271 versata
729 4200 826 4275 facile
842 4176 973 4293 ejicit,
1006 4203 1095 4299 quod
1119 4206 1217 4303 prius
1290 4194 1321 4297 ’,

215 4330 374 4426 scriptum
390 4343 470 4399 erat.
519 4324 593 4400 Has
614 4342 726 4397 autern
744 4343 811 4399 tarn
832 4323 947 4398 felices
963 4327 1217 4407 emendationes

214 4478 312 4540 non,
353 4454 410 4547 qui
449 4450 629 4522 multorum
662 4472 735 4524 mos
770 4470 843 4538 est,
884 4450 1089 4524 Thrasonico
1124 4453 1211 4526 flatu

209 4576 340 4678 jonae,
364 4574 420 4648 sed
436 4574 558 4647 summa
578 4570 741 4646 modestia
764 4573 845 4648 viris
857 4572 996 4645 eruditis
1015 4570 1212 4668 judicandas

213 4697 383 4800 proponit.
435 4701 558 4772 Testes
592 4695 776 4794 sagacitatis
805 4696 843 4771 &
872 4694 1106 4770 moderationis
1131 4694 1209 4773 sunt

211 4823 408 4921 Euripides,
432 4821 643 4911 Plutarchus,
674 4819 712 4896 oo
736 4821 894 4912 Babrius,
926 4819 969 4895 de
992 4819 1110 4916 quibus
1131 4822 1212 4900 aiias

214 4948 368 5023 dixinms.
417 4947 532 5021 Testis
559 4944 681 5019 iterum
714 4948 856 5039 libellus,
879 4942 1124 5042 coustitutum
1148 4945 1209 5020 hic
1277 4974 1285 5011 .·

213 5071 390 5167 posuimus.
440 5069 541 5145 Unde
571 5091 685 5146 natum
713 5073 754 5146 fit
782 5071 879 5168 hujus
903 5069 1061 5143 Carminis
1091 5070 1209 5143 denuo

213 5192 402 5268 recensendi
428 5193 623 5283 confilium,
654 5194 755 5269 doira
773 5194 980 5292 praefatione
1008 5193 1205 5291 explicatur.

213 5319 300 5398 Cum
331 5318 418 5395 enim
445 5320 568 5419 vulgo,
607 5320 764 5395 librorum
795 5336 955 5399 veterum·
979 5313 1207 5402 sonoritate,

664 5445 694 5517 F
717 5467 737 5545 3
1067 5435 1211 5541 Orpheo
