2900 7100
151 1120 1362 1436 w

227 1453 234 1470 .
335 1481 337 1485 .

302 1657 335 1816 ι1
374 1733 707 1816 anncoorn
742 1733 831 1812 cn
865 1731 1228 1812 vrunorsoun
1315 1699 1346 1760 ·'

307 1935 380 1985 mus
402 1909 531 2000 etiam,
564 1931 640 1982 curn
661 1905 796 2004 quidem
820 1929 942 2004 operae
962 1907 1109 2005 pretium
1131 1901 1306 1999 fecerint,

184 2065 189 2078 ·
309 2060 373 2113 nec
396 2056 507 2109 tamen
532 2032 621 2130 spem
641 2030 783 2106 nostram
807 2030 1046 2130 superaverint.
1094 2034 1149 2107 Ita
1168 2032 1230 2123 fit,
1260 2050 1305 2106 ut

310 2160 516 2258 &legentes
542 2179 713 2254 perperam
737 2157 780 2229 de
800 2155 888 2230 fibris
905 2155 1068 2248 statuant,
1093 2154 1132 2230 dr
1153 2153 1304 2252 optimus

310 2282 451 2382 quisque
485 2281 635 2376 Scriptor
664 2280 706 2352 ad
726 2280 938 2376 iniquissmras
965 2278 1068 2353 laudis
1092 2280 1304 2356 conditiones

312 2406 492 2504 redigatur.
543 2409 590 2482 Et
617 2405 704 2480 haud
729 2404 848 2480 scimur
870 2426 913 2478 an
938 2403 993 2478 bic
1020 2427 1113 2478 error
1136 2407 1306 2479 mentibus

313 2533 546 2630 plerorumque
575 2531 731 2607 offecerit
761 2531 796 2604 in
823 2529 920 2626 hujus
946 2527 1019 2602 libri
1053 2529 1324 2607 existinutione·

319 2657 512 2751 Complures
531 2656 606 2728 sunt
631 2656 728 2744 anni,
755 2679 856 2751 quum
877 2655 949 2750 ejus
970 2654 1152 2731 editionem
1179 2654 1306 2754 pollici·

318 2797 373 2852 tus
408 2798 460 2850 est
488 2779 715 2854 Villoisonus:
757 2777 921 2852 continuo
952 2800 1067 2851 rumor
1100 2806 1163 2876 per
1192 2802 1305 2858 totum

317 2906 434 2978 orbern
446 2902 612 2974 literatum
624 2901 930 2998 percrebrescebat:
955 2901 1127 2978 ferebatur
1137 2908 1307 3002 praestan·

315 3028 363 3102 tia
384 3027 512 3125 operis,
536 3025 625 3125 quod
642 3023 832 3098 contineret
850 3024 1016 3100 historiam
1031 3027 1204 3124 Deorum,
1229 3035 1309 3107 He-

316 3177 433 3247 roum,
456 3153 495 3230 dt
515 3151 684 3227 hominum
706 3149 906 3226 dubiorum:
930 3150 1003 3249 spes
1018 3151 1200 3248 existebat,
1222 3129 1316 3234 mul·¹

322 3298 372 3354 tas
390 3299 433 3354 ex
447 3301 490 3352 eo
506 3276 691 3375 incognitas
706 3271 928 3371 Antiquitatis
940 3295 1052 3373 parter
1067 3280 1221 3358 inlucem
1229 3310 1311 3384 pro·

321 3404 422 3472 latum
445 3399 506 3474 iri:
530 3424 646 3499 erant,
660 3401 716 3499 qui
743 3401 947 3496 cogitatione
967 3402 1183 3481 informarent
1207 3412 1311 3487 Lexi-

319 3546 383 3594 con
415 3522 571 3615 frequens
596 3527 804 3618 perditorum
822 3528 1028 3625 Scriptorum
1055 3529 1164 3606 locis:
1189 3555 1314 3627 erant,

320 3646 438 3743 quibus
464 3645 695 3716 obversaretur
717 3649 877 3719 Auctoris
900 3673 976 3721 cum
999 3652 1096 3727 sexus
1125 3675 1197 3731 tum
1223 3662 1315 3758 regia

321 3767 484 3867 dignitas,
508 3766 678 3866 inquibus
702 3765 852 3841 dotlrina
874 3769 1023 3862 quamvis
1038 3775 1238 3869 mediocris,
1265 3804 1317 3859 ta.

322 3916 401 3972 men
420 3916 487 3991 quo
509 3912 562 3968 est
576 3893 697 3984 rarior,
732 3914 775 3965 eo
797 3890 954 3989 majorem
978 3892 1078 3970 habet
1101 3906 1319 3984 commenda·

324 4024 472 4095 tionem:
496 4019 564 4092 huc
585 4017 768 4091 accedebat
793 4014 994 4110 exspectatio
1016 4021 1211 4102 eruditionis
1237 4032 1320 4108 Vil-

325 4143 540 4228 loisonianac,
564 4162 627 4235 qua
653 4162 738 4233 opus
757 4138 800 4210 ad
820 4140 957 4213 aliorum
983 4120 1234 4241 intelligentiam
1257 4181 1319 4235 ex.

326 4265 515 4363 plicaretur.
574 4264 691 4360 Atque
729 4280 782 4335 tot
814 4278 986 4360 tantasque
1022 4264 1094 4341 libri
1131 4275 1229 4350 dotes
1260 4285 1321 4380 qui

329 4388 487 4487 opinione
509 4387 753 4486 praecepissent
773 4412 813 4463 ac
832 4388 1064 4483 devorassent,
1088 4395 1135 4470 ita
1159 4404 1319 4497 paulatim

331 4515 420 4592 suam
452 4514 509 4612 ipsi
542 4516 633 4611 spem
664 4521 831 4609 augebant
861 4535 962 4616 atque
993 4519 1245 4621 incendebant,
1279 4550 1320 4607 ut

333 4640 480 4717 latislicri
501 4642 533 4715 ci
554 4642 643 4715 nullo
666 4640 769 4713 modo
784 4642 906 4737 posset.
954 4643 1083 4738 Igitur,
1107 4649 1191 4725 libro
1206 4653 1321 4748 edito,

334 4769 481 4865 imperiti
509 4767 544 4840 in
571 4786 714 4842 externo
740 4765 812 4860 ejus
839 4765 953 4841 habitu
977 4770 1177 4864 offendere,
1217 4781 1323 4874 majus
1354 4790 1361 4804 ·

336 4894 516 4982 volumen,
540 4890 687 4965 Editoris
709 4893 1000 4987 commentarium,
1023 4896 1061 4971 dc
1090 4898 1203 4975 nescio
1221 4902 1324 4999 quid,

336 5012 865 5115 deliderarc:peritiores,leviter
874 5020 1200 5115 trattatolibromon
1211 5043 1323 5108 tamen

338 5135 382 5208 de
403 5162 574 5218 momento
596 5145 667 5241 ejus
694 5142 861 5235 statuere,
892 5144 950 5217 sed
971 5143 1117 5225 incidere
1137 5156 1259 5253 partim
1289 5156 1320 5229 in

337 5284 391 5339 res
423 5264 596 5361 cognitae,
620 5272 801 5369 partimin
831 5269 1037 5374 incognitas,
1067 5301 1131 5357 nec
1156 5281 1322 5359 recordari

1259 5425 1322 5479 aut
