2900 7100
122 1856 124 1859 ¹
282 1758 568 1856 PEWSHSS.
593 1753 772 1861 GRAEC.
792 1751 1159 1854 mmosorrson
1184 1781 1239 1865 pp

222 1941 444 2026 lnlhnmento
466 1955 669 2028 caruenmt3
694 1954 735 2013 ut
758 1928 807 2012 illi
827 1935 1019 2035 Philosophi
1042 1937 1239 2028 nomimndi

223 2067 366 2172 smt‚xhi
388 2092 459 2145 nou
483 2066 604 2147 item?
638 2066 749 2164 Atqui
773 2083 959 2157 veremur,
971 2087 1023 2156 ne¹
1048 2065 1085 2142 in
1124 2066 1242 2144 verbo

223 2197 352 2276 fallacia
380 2196 432 2271 stt.
483 2199 603 2291 Nam,
627 2197 651 2272 st
676 2214 758 2294 prae
779 2190 842 2266 illis
873 2190 981 2267 tribus
1010 2193 1241 2294 Antiquiores.

158 2316 168 2350 ²
222 2349 296 2404 nun
316 2322 462 2404 habendi
489 2323 566 2397 sunt
588 2318 804 2416 Philosophi,
836 2315 886 2392 ita
914 2316 1048 2392 necilli
1074 2338 1143 2396 tres
1175 2322 1241 2402 has

223 2450 331 2531 bendi
364 2462 464 2520 erunt
500 2442 690 2541 Philosophi
715 2463 798 2542 prae
827 2438 1097 2541 posterioribus,
1129 2445 1244 2526 velun·

230 2574 389 2664 Platone,
413 2568 614 2659 Aristotele,
638 2585 676 2641 et
698 2567 789 2662 aliis,
815 2563 875 2668 qui
892 2566 1083 2645 accuratius
1102 2569 1239 2648 demum

229 2697 409 2776 msuendi
442 2690 647 2796 diligentiam
675 2692 719 2768 ad
746 2691 919 2792 phylirum
948 2692 1118 2770 rationem
1146 2697 1244 2776 adltis

230 2827 389 2906 buerunt.
434 2823 555 2918 Itaque
573 2818 639 2896 hac
663 2821 701 2897 in
722 2837 820 2920 parte
845 2820 953 2921 gradu
972 2821 1136 2901 differunt
1160 2823 1243 2902 Phi»

225 2947 383 3047 losophi‚
414 2971 486 3024 non
515 2967 653 3046 genere.
717 2946 784 3022 Est
816 2947 907 3025 enirn
937 2949 1156 3052 Philosophus
1179 2954 1245 3050 ia,
1339 3003 1342 3008 ι

226 3074 286 3175 qui
307 3097 361 3150 res
383 3076 516 3153 divinas
539 3072 767 3169 humanasque
792 3072 940 3170 exquirit
962 3093 1000 3148 et
1018 3077 1064 3151 ad
1091 3077 1243 3154 rationes
1311 3097 1316 3110 ·
1352 3137 1355 3142 .

228 3199 366 3299 exigit:
399 3199 470 3274 srve
493 3200 551 3273 has
574 3198 721 3269 rationes
747 3197 921 3292 corporeis
932 3194 1132 3293 imaginibus
1149 3222 1245 3273 eom-
1328 3279 1333 3286 ,

229 3324 414 3423 pleslatur,
441 3322 534 3419 quod
551 3323 657 3397 solent
678 3322 829 3396 Poetae:
852 3319 923 3396 stve
945 3343 1002 3398 eat
1025 3345 1070 3398 ex
1085 3322 1247 3399 interiore

101 3513 104 3522 .
231 3470 353 3525 natura
368 3447 532 3545 repetitas
545 3446 694 3546 pedestri
706 3470 747 3521 ac
757 3445 895 3543 sunplici
906 3448 1057 3544 oratione
1072 3451 1246 3532 enunciet.

233 3574 358 3671 Atqui,
376 3593 415 3651 ut
425 3575 534 3651 omnis
547 3576 718 3651 hominurn
734 3573 914 3673 cognitioa
929 3574 1074 3654 sensibus
1090 3579 1244 3679 corporis

235 3700 479 3801 proficiscitur,
504 3700 552 3779 ita
573 3703 609 3779 in
627 3704 781 3779 omnibus
796 3701 954 3799 gentibus
975 3704 1075 3801 primi
1095 3704 1245 3780 Philoso-

231 3826 292 3927 phi
313 3825 454 3904 fuerunt
474 3830 624 3924 Podtae3
658 3852 736 3906 cum
762 3827 806 3898 ob
826 3827 903 3897 alias
930 3829 1077 3918 caussas,
1109 3847 1183 3901 tum
1204 3827 1243 3904 in

232 3954 347 4054 primis
368 3975 549 4058 propterea
573 3957 664 4054 quod
684 3956 867 4029 Poetarum
887 3949 1067 4025 artificium
1086 3951 1245 4047 proxime

234 4083 453 4180 conjunsium
469 4102 521 4156 est
538 4106 617 4156 cum
633 4079 784 4155 sensuum
804 4078 930 4160 officio.
979 4077 1084 4189 Quod
1099 4078 1125 4155 fi
1139 4103 1245 4178 pomo

234 4203 366 4281 historia
398 4206 629 4307 Philosophiae
660 4208 700 4282 ad
731 4206 857 4305 ingenii
888 4205 1038 4282 frustum
1067 4194 1255 4282 referendo
1356 4207 1360 4215 ’

234 4348 310 4422 est,
341 4355 442 4407 nemo
466 4359 583 4409 eorum
602 4335 726 4433 negligi
745 4335 867 4425 debet,
891 4336 950 4430 qui
963 4335 1104 4433 aliquam
1120 4329 1248 4409 artium

235 4455 529 4556 doslrinarumque
558 4477 688 4553 partem
717 4457 921 4547 trailarunt3
945 4482 1015 4555 quo
1031 4462 1136 4557 magis
1161 4457 1268 4532 ilius

237 4578 340 4657 studii
352 4580 549 4655 incunabula
564 4599 601 4652 et
615 4580 821 4655 incrementa
840 4579 1096 4676 cognoscantur.
1132 4585 1202 4672 Et,
1223 4579 1251 4657 li

236 4708 275 4785 in
295 4707 409 4806 primis
436 4709 599 4801 Graeciae
619 4705 824 4804 Philosophis
848 4723 1043 4782 numeratur
1069 4706 1268 4805 Orpheus,

238 4835 405 4911 addantur
427 4835 460 4908 ei
484 4835 538 4909 alii
560 4859 628 4910 non
647 4836 752 4933 magis
775 4834 913 4912 fabulosi
933 4833 1095 4927 nominis,
1119 4833 1250 4913 Darda·
1296 4899 1299 4903 .
1347 4852 1350 4857 ’

243 4982 329 5051 nus,
353 4962 544 5064 Amphion,
569 4964 752 5057 Musaeus,
776 4965 902 5041 Linus:
927 4960 1092 5040 addantur
1115 4965 1253 5041 Home·

243 5089 524 5181 rus‚Hes10dus,
550 5109 587 5163 et
601 5090 655 5164 alii
671 5089 950 5191 Theogoniarum
963 5088 1155 5187 scriptores.
1178 5096 1256 5172 Ve-

245 5232 321 5286 rum
342 5212 451 5307 euim,
475 5238 578 5310 quum
600 5217 673 5290 talis
688 5216 870 5316 descriptio
882 5218 1128 5296 vetustissimae
1146 5223 1254 5295 Grae·
1321 5200 1324 5209 ⁸

244 5361 364 5418 corum
388 5339 622 5439 Philosophiae
650 5339 751 5419 latius
772 5361 906 5441 pateret
922 5368 1021 5451 quam
1044 5372 1107 5443 pro
1121 5338 1257 5416 Ansiu-

1216 5485 1288 5548 rus·
