2900 7100
722 1400 737 1422 0

289 1431 295 1446 Ι

732 1495 739 1518 l
1037 1451 1053 1512 ι.

971 1539 978 1550 x

264 1789 268 1796 .
283 1732 338 1834 93
403 1673 921 1809 annumerantur.
946 1690 1198 1818 canaan:

280 1913 434 1988 Graecae
455 1896 623 1997 orationi,
637 1904 689 1979 ad
707 1904 978 1985 constituendam
1001 1910 1185 1991 lectionem
1198 1935 1280 2015 pere

275 2039 387 2115 tinet:
410 2032 452 2104 ad
468 2030 558 2128 quod
578 2031 715 2130 quidem
732 2036 935 2132 explendum
949 2020 1093 2129 munus,
1111 2038 1207 2116 libria
1221 2066 1276 2119 ca·

274 2158 344 2238 ruit
374 2157 534 2257 scriptis,
562 2159 619 2233 sed
648 2163 833 2258 prudenter
857 2163 1106 2263 diligenterque
1126 2162 1202 2240 usus
1224 2185 1279 2242 eat

149 2273 158 2296 '
271 2287 383 2364 editis.
440 2285 540 2361 Huic
572 2282 734 2382 deinceps
758 2288 881 2367 infima
907 2289 1052 2387 paginae
1073 2310 1183 2388 parte·
1198 2292 1278 2370 iub'·

266 2414 377 2489 ditum
399 2429 451 2486 ert
472 2396 617 2486 alterum
635 2433 744 2508 genus
768 2412 1127 2503 Animadverfionum,
1150 2414 1275 2511 quibua
1314 2477 1329 2512 2

113 2561 116 2566 ·
264 2549 319 2613 re's
342 2537 571 2626 Historicae,
598 2536 894 2636 Gcogrnphicae,
926 2537 965 2615 dr
999 2540 1190 2618 sententiae
1209 2543 1275 2616 ob·

106 2750 112 2767 ἱ
263 2661 745 2763 icuritaa,illustrantur:·quo
758 2662 795 2740 in
810 2685 939 2762 genere
952 2663 1128 2765 locis,'qui
1146 2664 1270 2761 copio-

259 2789 324 2864 llaa
346 2784 515 2862 tradiandi
540 2784 765 2878 viderentur,
798 2786 857 2886 qui
880 2788 1183 2865 numeroiuerunt
1201 2810 1267 2862 no·
1349 2867 1352 2872 ,

257 2925 367 3005 idm,
401 2911 591 3010 peculiares
619 2913 867 3013 disputationes
892 2912 1028 2992 seorsim
1065 2912 1166 2986 datae
1187 2908 1268 2986 lunt

256 3033 407 3115 noverria
440 3039 550 3136 prima
573 3058 650 3133 eat,
677 3039 726 3113 de
747 3039 846 3112 annis
874 3037 954 3111 beili
983 3034 1263 3134 Peloponnefiaci

95 3257 99 3266 Ι
254 3163 493 3242 numerandis:
519 3163 682 3255 secunda,
707 3164 751 3240 de
771 3166 892 3239 decem
914 3163 1128 3261 praetoribus
1147 3159 1261 3235 Athe·

253 3289 442 3381 laicalibus,
461 3289 575 3385 qui-ad
602 3281 789 3377 Arginusas
809 3307 1032 3379 pugnarunt:
1066 3284 1189 3372 tertia,
1213 3283 1263 3358 de

250 3415 479 3515 Piephismate
497 3398 672 3483 ‘Canonit
698 3426 842 3505 quarta,
873 3408 918 3481 dc
938 3406 1079 3483 nomine
1100 3410 1262 3500 Daeiaei,¹

248 3539 340 3634 regis
361 3534 552 3625 Persarum,
578 3534 616 3610 dc
639 3537 843 3632 genealogia
859 3535 983 3610 tradita
999 3537 1040 3608 L.
1064 3535 1117 3625 Il,
1145 3559 1187 3625 1,
1214 3539 1237 3611 6
1245 3558 1263 3609 a

250 3642 396 3763 quinta,
421 3660 464 3736 de
507 3656 738 3733 Theramenis
773 3655 1014 3753 cognomine,
1063 3658 1256 3736 Callemus:

150 3826 166 3837 -
245 3789 369 3881 sexta,
399 3786 447 3861 de
475 3785 650 3882 Scriptore
673 3783 869 3858 Anabaseos
888 3814 904 3869 ,·
929 3781 987 3854 seu
1013 3781 1176 3856 librorum
1209 3785 1254 3858 de

244 3913 479 4010 Expeditione
511 3913 619 4010 Cyri,
645 3931 756 3986 utrum
783 3910 812 3982 is
839 3902 944 3981 fuerit
967 3905 1186 4002 Xenophon,
1207 3932 1252 3985 an

196 4032 199 4039 ’
247 4032 761 4135 ’ἰἨεωὶεῑοςεηεεξῑεριίιια,
795 4033 840 4107 de
864 4030 1084 4129 Dercyllidre
1118 4056 1251 4130 cogno·

163 4141 168 4162 δ
245 4162 339 4243 nine
363 4162 533 4263 Sisyphus:
559 4158 704 4254 octava,
734 4160 780 4236 de
801 4159 918 4236 Infulis
940 4161 1106 4257 Splagiis:
1137 4171 1252 4249 nona,

242 4290 286 4362 de
301 4290 430 4361 Pallene
455 4305 514 4362 aut
537 4290 677 4381 Pellene,
703 4286 873 4364 Arcadiae
898 4307 955 4362 aut
978 4284 1170 4361 Laconicae
1184 4309 1248 4381 op·

242 4412 337 4513 pido.
396 4414 559 4488 Tertium
587 4413 734 4509 denique
767 4414 1108 4489 Animadverssouum
1139 4434 1255 4511 genus·

194 4576 200 4591 ·
240 4536 389 4612 refertur
408 4539 452 4615 ad
475 4539 628 4613 Graecae
653 4536 815 4613 didlionis
839 4541 911 4614 vim
930 4538 1184 4636 explicandam,
1207 4537 1258 4614 &-

243 4660 440 4742 coninerur
464 4667 571 4740 Indice
591 4664 780 4736 Graecitatis
804 4664 846 4736 ad
871 4668 999 4739 calcem
1021 4662 1186 4757 subJeato.

281 4796 370 4891 'Jam
390 4814 477 4868 vero
494 4791 576 4863 laus
611 4787 762 4865 Editoris
797 4789 969 4866 censenda
987 4808 1038 4863 cst
1061 4785 1245 4865 mediocri·

99 4926 101 4937 '
144 4922 146 4927 ’
224 4914 313 5005 aare
328 4915 582 5013 ,³diligentia,
616 4915 796 4990 brevitate.
861 4919 934 4989 Res
971 4914 1131 4988 obscurae
1151 4912 1245 4989 haud
1302 4997 1310 5043 ι

238 5064 367 5147 paneae
389 5038 617 5131 illustrantur,
644 5038 713 5114 nou
730 5042 867 5140 quidem
890 5039 1051 5115 adhibitis
1069 5037 1255 5113 interioris·

242 5166 415 5248 doilrinae
432 5165 564 5262 copiis,
589 5163 647 5238 sod
669 5184 783 5242 umen
808 5166 937 5239 utiliter
963 5188 1005 5244 ex
1030 5163 1242 5240 observatio·

238 5306 286 5376 ne
308 5312 428 5401 ⁸return
457 5290 777 5392 Geogrrphicarum
806 5289 848 5369 dt
875 5290 1135 5372 Historicaruna
1195 5292 1250 5365 nIn

256 5450 297 5463 ··
654 5442 656 5447 ·
1162 5431 1239 5487 ver·
