2900 7100
101 1365 130 1388 ;·“
408 1352 428 1383 ·’
1094 1379 1097 1386 ·

102 1397 105 1402 Ι
817 1415 822 1424 Ι

648 1444 654 1460 9

138 1495 145 1510 q
201 1471 203 1476 '
259 1463 299 1507 ΙΙ
742 1481 748 1488 ι
1005 1485 1010 1494 ,
1083 1479 1088 1489 ι

124 1539 129 1548 ι

228 1675 231 1688 ’
325 1667 1095 1825 -nntnrronus-nnnvr-onns.
1172 1765 1242 1848 nt
1313 1687 1316 1692 ’

220 1895 1237 2022 neme,aenaeutuungr,rurqutnornnn.17792
1305 1993 1313 2004 .

137 2112 139 2115 .
169 2127 171 2132 ,
217 2050 288 2129 *hic
308 2048 414 2151 igitur
427 2047 463 2122 in
475 2044 594 2145 paucis
610 2063 702 2137 erat,
715 2045 775 2143 qtri
785 2067 870 2122 vete
885 2031 930 2121 de
946 2049 1065 2149 Bangii
1086 2048 1238 2132 dodrinu

218 2177 477 2267 existimarent,
501 2159 611 2272 eoque
625 2172 832 2247 familiariter
845 2160 1014 2250 utelintur.
1064 2180 1148 2288 Quo
1166 2199 1236 2258 ma·
1317 2187 1320 2192 '

218 2306 282 2406 'gis
307 2302 532 2399 intelligitur,
567 2297 732 2393 Bangium
752 2353 764 2389 ,
795 2298 853 2393 qui
866 2353 878 2388 ,
892 2322 970 2374 cum
988 2300 1125 2379 scientia
1140 2325 1238 2407 argu·

147 2507 152 2528 Ι
229 2425 340 2504 menti
358 2440 396 2495 et
415 2419 577 2498 orationis
591 2423 736 2498 Latinae
749 2425 931 2511 facultate,
948 2423 1142 2502 interiorem
1156 2453 1240 2529 qun.

235 2572 304 2651 que
325 2547 421 2624 usum
441 2546 582 2625 haberet
602 2550 689 2624 illim
705 2548 811 2637 vin,
828 2550 901 2647 ejus
922 2550 1047 2650 Elogio
1066 2550 1240 2632 scrrlienrlu

232 2699 356 2776 operae
379 2678 527 2776 pretium
548 2672 679 2751 fecisse.
732 2674 849 2775 *igitur
872 2674 1010 2775 scriptio
1033 2703 1101 2756 non
1127 2683 1242 2780 consu-

226 2779 334 2877 mitur
346 2797 497 2879 universa
515 2803 657 2901 quadam
672 2788 887 2893 laudatione,
899 2824 1022 2901 neque
1035 2801 1243 2910 panegyrico

225 2925 378 3031 genere,
401 2955 472 3031 quo
495 2933 602 3033 vulgo
619 2933 807 3007 abutuntur
820 2926 856 3000 in
874 2925 1026 3032 Elogiiu3
1050 2933 1108 3008 sed
1128 2931 1243 3014 versa·

222 3065 285 3132 'tur
307 3056 342 3129 in
368 3055 522 3155 diligenti
546 3056 774 3155 explicatione
790 3057 1011 3150 argumenti,
1034 3057 1166 3133 ratione
1179 3060 1242 3135 his·

230 3182 338 3257 tonica
370 3200 408 3252 et
432 3180 597 3278 simplici,
627 3202 693 3279 qua
717 3174 905 3249 ostenditur
927 3177 1049 3271 quibus
1075 3180 1177 3251 initiis
1205 3200 1244 3255 et
1282 3213 1297 3248 ,-

226 3308 385 3409 gradibus
400 3330 419 3379 a
436 3304 542 3403 prima
555 3301 638 3380 ¹inde
651 3317 765 3375 aetate
777 3298 906 3375 animus
924 3298 1003 3374 Viri
1018 3299 1061 3377 ad
1076 3299 1242 3380 virtutum
1350 3287 1359 3298 '¹

227 3432 376 3509 studium
401 3432 652 3516 conformatus,
684 3444 722 3500 et
747 3423 918 3523 ingenium
942 3423 1103 3502 dodrinis
1127 3432 1243 3506 encul-
1357 3406 1362 3425 ⁶

230 3581 305 3634 tum
320 3558 383 3648 srt,
409 3578 445 3632 et
469 3558 549 3655 quid
573 3548 802 3653 quantumque
820 3552 856 3626 in
874 3555 1167 3651 quoquelaudum
1182 3584 1243 3658 ge·

228 3707 310 3760 nere
339 3682 473 3758 secutur
500 3687 715 3760 assecutusve
737 3680 789 3756 srt.
844 3680 949 3754 Porro
979 3677 1096 3754 utilem
1116 3682 1239 3777 jucun·

226 3811 371 3906 dumque
388 3809 587 3886 varietatem
608 3811 735 3884 habent
746 3813 925 3906 specimina
942 3827 987 3879 ex
1007 3807 1106 3879 dictis
1123 3809 1240 3884 fadlis·

221 3956 291 4034 que
309 3937 408 4029 Viri,
432 3960 612 4033 quaecum
633 3932 874 4030 fignificatione
892 3929 1019 4029 ingenii
1041 3955 1239 4032 morumque

225 4026 299 4162 ejus
315 4055 494 4160 conjunsla
511 4061 597 4135 sunt.
629 4060 919 4158 Dodae'quoque
935 4057 1239 4137 animadverfiones

226 4186 366 4263 subinde
389 4187 649 4284 adsperguntur,
674 4209 761 4284 quae
779 4186 894 4262 valent
914 4185 970 4258 vel
991 4184 1032 4258 ad
1049 4187 1237 4265 animorum
1302 4266 1306 4271 ,
1346 4286 1348 4291 Ι

225 4313 373 4389 recessus
392 4311 608 4408 explicandos
617 4366 634 4415 ,b
653 4312 709 4384 vel
722 4309 765 4384 ad
779 4309 928 4386 fructum
942 4312 1116 4388 dodlrinae
1138 4315 1238 4391 intel·
1337 4370 1342 4381 ·

228 4434 410 4530 ligendum.
453 4438 535 4536 Quo
551 4439 585 4506 in
602 4457 726 4530 genere
742 4416 922 4534 p'raecipua
940 4459 993 4512 est
1011 4461 1070 4530 ea,
1095 4464 1161 4537 qua
1176 4465 1239 4519 ex·

131 4614 139 4629 ,
229 4556 368 4653 ponitur
382 4555 425 4630 de
443 4559 503 4631 usu
517 4557 745 4654 Philosophiae
760 4581 796 4633 et
822 4563 1011 4636 Literarum
1031 4562 1064 4638 in
1088 4569 1238 4644 Theolo-

230 4682 296 4780 gia.
346 4683 444 4774 Nos,
480 4704 519 4759 ut
538 4686 736 4761 sententiam
764 4689 915 4764 breviter
948 4690 1238 4788 compleslamur,

227 4807 276 4884 ita
289 4811 495 4908 judicamus:
522 4812 701 4911 Brogitaro,
726 4835 766 4890 ut
783 4818 950 4919 prioribus
965 4815 1094 4915 seriptis
1119 4819 1187 4895 alio
1202 4817 1240 4899 in

161 4956 168 4971 ·
228 4959 375 5034 genere,
409 4937 456 5012 ita
475 4962 537 5035 per
564 4938 630 5011 hoc
653 4938 813 5037 scriptum
835 4944 870 5016 in
893 4941 1088 5041 Elogiorum
1115 4965 1240 5042 genere

230 5062 274 5133 ud
293 5061 420 5137 Ernesti
436 5063 679 5142 similitudinem
698 5066 880 5142 accessisse.
981 5092 988 5106 ·

240 5181 242 5184 ’
294 5191 411 5263 XVII.
463 5192 542 5264 Hac
587 5216 648 5265 nos
688 5198 821 5267 Ernesti
870 5194 1044 5273 mentione
1078 5204 1241 5278 admon'e·

230 5336 327 5406 mur,
353 5335 395 5387 ne
417 5331 515 5387 antea
535 5316 637 5390 finem
657 5319 868 5416 imponamus
891 5322 972 5399 huic
998 5332 1111 5426 parti,
1141 5347 1243 5421 quem
1335 5399 1339 5410 ,

234 5440 276 5513 de
290 5441 372 5517 illius
399 5439 493 5520 obitu
510 5441 723 5522 dixissemus:
745 5469 813 5525 noo
826 5449 984 5546 quidem,
1006 5469 1043 5522 ut
1065 5450 1248 5539 referamus

1208 5582 1252 5655 de
