2900 7100
826 1377 830 1384 .

195 1500 199 1517 l
1032 1491 1036 1505 1

328 1519 333 1538 s

221 1701 1012 1861 r4'urcronnnnn

219 1964 371 2038 Incertus
393 1941 499 2023 Poe‘ta
519 1944 661 2020 Anthol.
686 1946 747 2022 Ill.
771 1970 807 2042 p.
834 1974 917 2044 300.
945 1944 1061 2049 λὺτςῖ
1073 1936 1135 2031 aa}
1159 1983 1218 2031 τι.

219 2091 329 2181 siaa
351 2075 489 2189 yovaltl
505 2115 548 2165 τε
568 2074 702 2186 τύμβον
722 2075 841 2186 ’t'diutar
858 2077 1073 2194 Krimisa
1105 2085 1224 2183 Atque

218 2214 356 2310 ita‚his
371 2208 521 2305 scriptis,
547 2206 731 2282 correxisse
756 2208 858 2285 video
880 2209 992 2310 virum
1014 2208 1226 2307 'elegantissi-

216 2366 338 2433 mum,
378 2337 428 2437 V.
462 2335 515 2408 Nl.
555 2332 826 2410 Giovenazzium
864 2332 908 2408 ad
947 2333 1041 2409 Livii
1083 2335 1221 2433 Fragm.

216 2493 253 2567 P·
277 2487 343 2561 44:
519 2573 521 2578 ¹
1043 2469 1070 2566 J

264 2593 374 2667 Nunc
389 2587 551 2667 'venimus
574 2587 616 2661 ad
645 2588 757 2659 locum
780 2583 879 2678 hujus
910 2583 1085 2658 Distribes
1113 2582 1222 2660 maxi·

214 2742 273 2798 me
301 2716 573 2803 memorabilem,
598 2734 633 2807 p.
661 2719 741 2791 182.
774 2707 832 2783 ubi
856 2707 901 2782 de
922 2707 1086 2783 Petronio
1115 2710 1221 2785 Arbi-

215 2832 272 2921 tto
296 2842 401 2917 multa
425 2858 533 2927 nova,
566 2855 632 2906 nec
655 2852 734 2906 ante
764 2835 923 2932 cuiquam
955 2824 1124 2932 cognita,
1153 2853 1223 2912 tra·

104 3020 111 3043 .
144 3054 148 3069 ,
214 2967 350 3044 duntur.
407 2964 496 3037 Satis
513 2945 667 3067 constat,
691 2955 1126 3056 Scriptorem'Satyritdn,
1160 2961 1220 3057 qui

214 3089 365 3169 conficto
390 3109 434 3159 ex
452 3082 571 3158 Taciti
595 3081 782 3156 Annalibus
806 3086 946 3161 nomine
973 3085 1019 3160 T.
1044 3083 1224 3159 Petronius

216 3195 524 3310 amiraldum,
559 3229 580 3276 a
617 3203 700 3278 viris
732 3203 896 3298 summis,
929 3193 1090 3283 fratribus
1119 3191 1227 3285 Vale·

215 3340 288 3429 sris,
311 3334 418 3409 multo
439 3326 686 3421 recentiorem,
712 3351 812 3426 quam
839 3333 944 3427 volgo
969 3348 1127 3429 putetur,
1159 3334 1227 3407 ha.¹

216 3465 326 3541 bitum
347 3454 434 3530 esse:
468 3476 547 3528 cum
571 3455 708 3553 quidem
740 3455 914 3529 Henricus
940 3456 1034 3530 illum
1066 3456 1108 3531 ad
1136 3477 1223 3535 tem·

214 3614 277 3691 pus
297 3580 470 3671 Gallieni,
495 3580 688 3655 Hadrianus
716 3578 759 3649 ad
788 3580 1073 3691 Antoninorum,
1105 3605 1225 3662 neuter

213 3714 293 3793 satis
326 3708 429 3787 certis
459 3708 688 3804 argumentis,
723 3701 878 3776 referret.
943 3706 1100 3782 Tandem
1123 3735 1224 3787 exor.

216 3861 270 3917 tus
295 3857 346 3914 est
364 3838 423 3922 tCl.
447 3837 605 3932 lgnarra‚
640 3831 698 3930 qui
728 3829 884 3921 idoneis,
915 3851 981 3900 nec
1001 3829 1115 3904 sutile
1140 3856 1224 3910 con.

215 3963 402 4050 vellendis,
434 3958 650 4048 rationibus,
682 3954 718 4028 id
755 3956 844 4054 quod
876 3972 1008 4038 tantum
1041 3953 1226 4052 suspicatus

216 4109 291 4167 erat
321 4080 515 4160 Hadrianus
538 4078 718 4172 Valesius,
752 4079 996 4157 demonstraret
1003 4092 1023 4173 ,i
1043 4083 1225 4177 Satyricdn

216 4215 426 4306 Scriptorem
452 4222 607 4278 extremo
623 4207 887 4303 *Antoninorum
906 4223 1062 4301 tempore
1086 4198 1223 4286 vixisse.

216 4328 469 4432 Disputationis
501 4328 628 4402 summa
657 4328 744 4404 haec
770 4346 844 4404 est:
880 4329 953 4407 Vix
980 4349 1098 4428 potest
1121 4331 1223 4410 dubi·

217 4458 306 4547 tati,
332 4450 414 4549 qttin
436 4451 614 4530 Petronius
637 4450 673 4526 in
695 4454 751 4528 illa
773 4454 846 4553 ipla
870 4460 972 4550 urbe,
999 4458 1034 4530 in
1058 4482 1125 4557 qua
1141 4460 1222 4562 Tri·

215 4579 418 4662 malchionis
445 4575 591 4653 coenam
608 4577 783 4675 instruxit,
818 4568 889 4659 hoc
925 4572 978 4657 est
996 4602 1012 4670 ,·
1027 4670 1030 4675 ,
1043 4587 1224 4681 Neapoli,

213 4712 320 4789 libros
343 4705 525 4802 satyricon
547 4696 784 4796 conscripserit
806 4759 817 4794 ,
852 4707 1223 4802 &Neapolitanorum

215 4836 253 4911 in
278 4833 396 4933 primia
419 4851 531 4904 mores
557 4825 801 4924 perstrinxerit.
859 4832 943 4905 Nec
968 4838 1221 4935 tantum-multi

127 4970 143 5062 Ἀ
217 4957 425 5045 Graecismi,
449 4953 505 5028 sed
531 4951 636 5026 etiam
663 4951 861 5048 idiotismi,
896 4978 1039 5053 quorum
1068 4964 1222 5040 nonnum

217 5083 327 5183 adhuc
356 5082 465 5179 plebis
496 5078 749 5179 Neapolitanae
781 5103 842 5153 ore
878 5080 1155 5182 frequentantur,
1180 5089 1223 5165 il.

215 5206 338 5285 lumin
363 5204 428 5321 lnac
453 5210 534 5297 urbe
548 5209 603 5293 vel
625 5187 762 5302 natum,
787 5206 842 5278 vel
861 5207 1042 5285 educatum
1064 5235 1224 5313 arguunt.

215 5339 292 5438 Jatn
314 5320 501 5436 temporis,
526 5321 595 5447 quo
629 5318 740 5428 viiia,
775 5331 942 5420 indicium
974 5335 1046 5437 ipse
1077 5343 1250 5441 praebet.
