2900 7100
107 1483 112 1493 .
984 1489 990 1504 ,
1020 1510 1023 1514 .

1095 1527 1099 1538 ι
1236 1535 1240 1542 .

837 1551 847 1573 0
1028 1560 1034 1580 ι
1170 1551 1175 1560 ’

274 1859 276 1866 Ι
394 1712 1076 1882 rismnonranjnns.
1186 1771 1292 1857 as·

227 1929 373 2037 Suiplet
400 1938 601 2037 Pogginius:
636 1938 759 2032 Janmn
784 1938 976 2023 Geminum,
1001 1937 1056 2009 ab.
1084 1931 1225 2012 Romulo.
1278 1923 1283 1936 ’

164 2041 167 2052 “
228 2057 272 2134 cl.
296 2062 430 2153 janum.
450 2065 633 2165 Quirinum.
659 2062 859 2160 appellatum.
882 2060 1010 2134 claudit.
1044 2063 1222 2152 Augustas.

225 2186 280 2259 Ex
303 2186 416 2260 Dione
438 2208 579 2278 nempe„
605 2188 673 2273 LI,
699 2207 763 2271 20,
787 2182 962 2273 novimus,
986 2207 1064 2257 curn
1080 2184 1221 2281 Aegyp·

224 2326 298 2379 tum
318 2307 353 2378 in
367 2324 572 2400 potestatem
589 2310 625 2379 P.
643 2308 689 2380 R.
708 2304 889 2401 redegisset
912 2308 1086 2401 Augustus
1107 2307 1218 2382 mense

223 2428 365 2518 Sextili,
391 2427 430 2503 dc
451 2428 615 2524 sequentis
635 2429 711 2503 anni
725 2430 837 2503 mense
858 2428 1014 2526 Januario
1028 2429 1115 2503 esset
1132 2453 1220 2507 nun·

222 2551 348 2625 ciatum
368 2552 411 2625 de
440 2553 538 2626 rebus
558 2554 745 2646 Parthicis,
779 2556 940 2628 Senatum
962 2574 1044 2653 ergo
1069 2554 1216 2652 pluribus¹
1329 2561 1333 2572 '

221 2677 381 2772 Augusto
400 2676 542 2749 decretis
556 2676 834 2765 honoribus,hoc
848 2677 1008 2754 addidisse
1015 2698 1075 2772 ,ut
1095 2696 1215 2774 portae

221 2798 297 2898 Jani
323 2798 580 2895 clauderentur,
618 2802 707 2902 quusi
737 2806 889 2884 omnibus
914 2803 1004 2878 bellis
1036 2801 1213 2881 conscilii.
1322 2899 1326 2910 Ι
1356 2795 1361 2806 ’

220 2927 295 3023 Jam
321 2948 433 3017 vero,
466 2949 535 3021 quo
560 2926 615 3000 die
640 2928 718 3004 illud
746 2932 928 3021 acciderit,
953 2950 1044 3002 nunc
1064 2926 1210 3023 primum

214 3042 236 3119 e
260 3049 384 3123 Verrio
408 3049 560 3137 constat,
593 3073 669 3124 cum
693 3039 1019 3151 superstites'literae
1042 3054 1110 3127 ΕΡ.
1136 3047 1211 3147 Ja-

215 3172 259 3245 N
262 3174 351 3248 UM.
379 3175 642 3253 AUGUSTUS
662 3176 729 3255 hoc
749 3174 896 3252 indicare
912 3176 1099 3251 videantur.
1130 3173 1213 3244 Nec
1311 3159 1345 3280 Ἰ

216 3295 337 3370 mirum
357 3353 367 3386 ,
392 3297 482 3391 quod
505 3297 646 3371 Verrius
668 3299 757 3372 diem
780 3299 982 3390 annotavit,
1014 3321 1082 3394 quo
1105 3296 1209 3392 Janus

215 3436 294 3519 post
328 3420 442 3492 urbem
486 3419 654 3494 conditam
688 3425 791 3498 tertio
819 3424 942 3498 clausus
972 3439 1084 3494 certae
1103 3409 1206 3514 'pacis

210 3565 443 3641 argumentum
460 3545 571 3638 dedit,
591 3549 680 3647 live,
708 3568 746 3621 uc
765 3549 924 3646 sagaciter
942 3543 1103 3644 glossema
1117 3543 1204 3619 odo·

208 3689 319 3757 ratus,
337 3670 518 3745 Ruhnken.
543 3671 631 3767 apud
654 3673 742 3747 Veli.
771 3658 825 3762 11',
850 3682 906 3767 38.
932 3697 968 3767 p.
989 3694 1069 3767 203.
1091 3667 1199 3767 legit:

204 3797 340 3868 inarmans
362 3800 490 3871 bellicae
510 3801 653 3870 ciuitatis
675 3817 913 3890 argmncntum,
945 3801 1037 3867 tercio
1057 3774 1203 3883 Amisso

201 3921 373 4019 Principe,
408 3921 520 4009 Janus
552 3922 700 3989 Geminus
732 3917 854 4011 clausus
886 3917 978 3990 dedit.
1040 3919 1200 4008 Ceterum

201 4066 262 4136 per
299 4042 505 4113 occasionem
537 4059 637 4127 notae
676 4039 861 4117 Venianae
889 4039 931 4114 ad
964 4039 1054 4115 hunc
1090 4039 1197 4136 ipsum

202 4151 320 4252 diem,
353 4163 396 4236 de
427 4166 503 4238 Dea
538 4166 734 4257 Carmenta,
769 4167 940 4262 expromit
968 4167 1195 4264 conjecturam

200 4290 405 4390 fogginius,
431 4312 496 4385 qua
519 4288 606 4386 apud
632 4293 770 4363 Festum
788 4291 887 4389 legit:
913 4316 1052 4369 mortuae
1065 4295 1195 4390 pecudis
1240 4283 1250 4299 ⁸

197 4425 276 4504 cario
294 4418 496 4502 calceos,cut
503 4414 709 4510 solcas,fieri
725 4413 907 4498 Flaminicis
923 4418 1018 4512 nefas
1035 4419 1190 4510 halatur,

188 4540 250 4634 sed
273 4556 328 4608 act
350 4536 468 4630 occisae
490 4541 625 4630 alioqui,
651 4551 708 4607 ant
735 4539 934 4627 immolatae,
961 4543 1104 4634 quoniam
1122 4537 1190 4632 sua

196 4678 293 4733 incrtc
309 4663 447 4733 estincla
462 4665 564 4734 omina
571 4659 711 4754 ficucsta
719 4659 809 4757 ficut.
825 4663 865 4749 In
881 4660 981 4757 editis
996 4677 1066 4754 est:
1084 4663 1204 4758 omnic·

185 4784 325 4880 funesta
338 4783 431 4879 sunt.
1129 4770 1143 4799 ⁸
1286 4770 1288 4775 ⁵

196 4910 254 5015 rid
278 4909 312 4986 d.
341 4933 385 5001 14
410 4914 485 5008 Jan.

391 5038 613 5114 CORONA.
639 5039 888 5142 QUER...,..

389 5163 622 5237 AUGUSTI.
648 5165 789 5251 ONER
799 5216 888 5245 .....

388 5286 884 5385 l2R2REs··...····.·„···.
972 5296 975 5303 '

679 5414 751 5537 η
1069 5399 1194 5517 φά

1180 5662 1298 5689 ,μμ-,ἱ
