2900 7100
259 1762 326 1861 ··.1⁶
432 1747 1117 1834 PsNuoumcrvuuuRus
1171 1857 1174 1864 Ι

271 1984 297 2027 ,,
322 1930 423 2007 ducta
446 1930 505 2020 fit,
530 1926 569 2001 cit
585 1927 705 2042 quibus
724 1923 814 2020 quau
830 1924 984 2022 gradibus
1000 1926 1042 2000 ad
1060 1949 1153 2018 eam,
1179 1873 1279 2024 quim

166 2129 169 2144 ,
261 2107 297 2150 „,
322 2058 450 2146 habet,
488 2051 630 2126 formam
660 2068 776 2125 textus
807 2049 1033 2147 pervenerit,
1064 2052 1280 2153 intelligutur.

270 2235 297 2276 ‚,
321 2178 576 2275 inadjuuuentis
594 2175 839 2274 interpretandi
858 2172 1107 2250 observationes
1126 2181 1280 2257 Schwar.

177 2365 180 2388 .
258 2359 296 2401 „,
320 2304 383 2394 zii.‚
410 2306 532 2403 quibus
546 2309 728 2403 uirumque
742 2299 1192 2400 MamertiuiPsnegysicum
1205 2303 1281 2379 illu·

242 2427 294 2525 '„
317 2428 454 2523 stravit,
493 2432 529 2502 V
553 2427 853 2506 Disiectatiouibus
895 2425 1108 2500 Academicis
1145 2426 1280 2526 publice

255 2597 307 2654 mr
320 2557 399 2632 olim
422 2555 628 2656 propofitis,
659 2568 724 2622 nec
751 2568 820 2616 non
840 2564 923 2629 eas,
956 2567 1038 2637 quas
1059 2547 1102 2615 ad
1125 2566 1281 2641 quartum

258 2738 290 2779 Ὦ
315 2683 558 2784 panegyrim
598 2664 782 2754 Eumeni,
823 2664 859 2738 in
893 2663 987 2740 usum
1018 2665 1281 2764 pmeleeiionum

260 2860 294 2903 ,‚
317 2804 507 2900 conscripsit
519 2851 532 2890 ,
571 2792 722 2870 nondum
752 2787 861 2866 adhuc
895 2790 1029 2883 editas,
1069 2813 1134 2868 nec
1163 2812 1279 2872 tamen

255 2949 290 3034 3,
314 2924 460 2999 tutiore
479 2922 540 3006 suo
565 2917 737 3018 indignas,
769 2914 870 3000 edere
897 2916 1071 3013 integras,
1110 2943 1156 2997 ex
1174 2922 1281 2998 adno-

255 3101 291 3147 .‚,
315 3046 447 3141 tatione
482 3044 685 3143 reliquorum
722 3039 883 3116 dileiium
917 3040 1031 3116 facere
1071 3042 1179 3118 visum
1211 3061 1278 3121 est.

257 3221 289 3274 3,
315 3172 606 3283 Quotiescumque
623 3167 714 3242 enim
727 3191 799 3242 rem
813 3190 912 3244 unam
929 3167 1136 3265 eandemque
1151 3193 1172 3245 a
1193 3169 1278 3245 duo·

236 3349 290 3395 9„
315 3302 377 3373 bus
402 3296 618 3392 pluribusve,
650 3290 741 3388 quod
771 3292 860 3366 haud
888 3317 964 3366 raro
987 3294 1129 3383 accidit,
1150 3317 1277 3391 propo·

216 3440 221 3451 ·
262 3482 288 3526 „
312 3425 405 3499 fitam
421 3414 522 3490 fuisse
539 3413 629 3504 vidi,
653 3412 738 3488 ilius
756 3415 991 3498 tautummodo
1010 3436 1144 3508 notam,
1173 3436 1274 3516 quam

200 3596 203 3601 -
263 3607 289 3644 „
312 3549 417 3644 vulgo
440 3539 584 3630 dicunt,
616 3538 742 3636 selegi,
774 3541 831 3638 qui
854 3543 911 3618 vel
937 3542 1063 3643 primus
1094 3569 1169 3622 eam
1201 3569 1274 3622 rem

262 3728 288 3769 „
314 3668 456 3769 tetigit,
487 3667 543 3741 vel
568 3661 719 3740 omnium
741 3663 871 3761 optime
892 3666 1101 3762 explicavit:
1136 3694 1202 3770 qua
1221 3694 1273 3746 rt·

262 3855 288 3893 „
313 3799 405 3872 tione
427 3793 463 3869 id
477 3817 534 3868 me
554 3788 771 3866 consecutum
786 3788 856 3862 esse
875 3789 992 3887 spero,
1016 3813 1060 3871 ιιι
1075 3794 1122 3868 nil
1134 3794 1273 3868 omnino

261 3958 288 4019 ‚·,
310 3944 355 3995 ex
377 3918 447 4013 iis,
487 3940 574 4017 quse
603 3912 797 3991 ilulhundis
822 3915 1028 3995 orationibus
1054 3919 1148 3995 hisce
1170 3920 1271 3997 inser·

253 4103 288 4145 „
312 4045 427 4135 viant,
453 4039 635 4123 defidetsri.
648 4039 770 4138 possst,
802 4062 911 4140 neque
938 4061 1051 4124 tamen
1071 4044 1269 4142 supervaca-

254 4193 374 4284 ⁴,nea
400 4168 562 4267 legantur.
611 4170 700 4253 Mea
723 4166 1006 4243 aninadverstooe
1035 4188 1109 4243 tum
1131 4168 1268 4249 demum

256 4278 404 4392 „opus
402 4293 479 4366 esse
480 4292 667 4394 judicavi,
692 4315 771 4367 cum
787 4291 897 4365 variae
914 4291 1066 4369 lestionis
1089 4293 1177 4367 ratio
1192 4293 1268 4366 red·

256 4415 421 4527 „denda
450 4435 550 4510 erat,
589 4419 646 4495 vel
658 4417 846 4517 quaedam
869 4417 1004 4507 ubeuius
1031 4418 1071 4497 ἃ
1103 4419 1267 4495 liberalius

254 4543 521 4642 „declarands,
528 4545 586 4621 vel
604 4541 789 4619 sententiae
804 4544 943 4621 aliorum
957 4542 1078 4624 dubiae
1095 4564 1155 4619 aut
1167 4544 1266 4621 falsae

257 4671 379 4767 „esse
401 4667 620 4755 videbantur,
644 4663 743 4739 cet”
1156 4724 1159 4729 .

307 4799 363 4867 Ita
392 4792 515 4866 Editor
537 4783 692 4861 universe
712 4783 878 4862 rationem
899 4785 1022 4863 confilii
1039 4788 1089 4865 sui
1109 4752 1263 4894 exponit.

257 4922 340 4998 Nos
364 4911 577 5015 peculiariter
601 4930 871 5006 cognoscamus,
907 4914 1082 5012 propositis
1109 4916 1264 5019 specitnif

257 5008 381 5129 itibus,
416 5034 589 5136 quomodo
615 5055 690 5129 eam
717 5058 755 5108 re
789 5037 829 5113 &
860 5038 953 5115 fabio
984 5040 1180 5138 persecutus
1208 5046 1261 5125 fit

255 5170 387 5266 Atque
389 5186 433 5240 ex
450 5160 560 5262 primo
577 5157 711 5271 quidetu
728 5160 899 5239 volumine
914 5164 1100 5264 spetiemus
1115 5168 1260 5257 animad

203 5314 207 5324 ·
251 5288 424 5414 Ιριειιίιιιςε
444 5285 488 5370 ad
507 5284 778 5372 Mammium·
816 5313 954 5389 quatum
988 5293 1261 5397 longemuuna

1174 5442 1250 5518 pars
