2900 7100
160 1136 1319 1378 υ

955 1157 967 1166 ι

877 1415 882 1426 x

326 1639 1111 1811 'Maurrorraurrirscrrru
1178 1675 1239 1783 735
1296 1650 1300 1656 ’

228 1984 425 2059 maticorum
446 1982 627 2078 peculiares
650 1971 693 2053 de
714 2003 758 2052 eo
772 1977 845 2051 libri
865 2002 906 2051 ac
929 1979 1137 2056 Didascaliae
1165 2009 1224 2081 pe.

229 2109 373 2198 rierunt,
411 2097 476 2198 nec
498 2103 569 2177 fere
594 2100 716 2179 notitia
739 2103 811 2199 ejus
838 2103 967 2205 exstat,
1000 2107 1058 2180 nisr
1082 2110 1116 2182 in
1139 2111 1222 2214 loeip

223 2233 343 2332 quibus
372 2230 520 2305 breviter
553 2228 591 2304 &
624 2229 712 2302 aliud
743 2224 874 2321 agendo
908 2227 978 2338 ejus
1014 2207 1055 2305 lit
1080 2223 1229 2312 men'tioss'
1329 2220 1331 2224 ¹

228 2348 327 2463 Quos
362 2352 497 2449 quidem
529 2351 622 2424 locos
651 2350 745 2441 viri,
781 2348 838 2442 qui
861 2347 904 2422 de
929 2350 996 2424 hoc
1022 2349 1220 2472 argumerrto

226 2475 445 2576 prodiderunt
461 2476 649 2551 recentiore
666 2494 799 2565 aetate,
825 2475 932 2549 veluti
962 2477 1133 2576 Scaliger,
1148 2486 1221 2557 Sel·

227 2603 357 2691 denus,
380 2601 576 2691 palmerius,
601 2599 754 2692 Peritus,
778 2599 1019 2698 spanhemius,
1045 2591 1221 2698 Corlrlius,

224 2729 398 2827 plerosque
420 2749 536 2802 omues
556 2726 778 2824 colegerant3
805 2746 846 2801 ut
863 2725 999 2802 materia
1012 2727 1087 2801 fere
1104 2710 1219 2827 parata

223 2878 342 2944 unam,
358 2852 465 2928 veluti
491 2851 666 2948 opificem,
684 2850 806 2948 justam
827 2854 1084 2943 Grammaticam
1112 2856 1217 2942 inter·
1321 2951 1323 2956 .

218 2980 442 3092 pretationem
465 2975 660 3072 requireret.
712 2981 845 3071 Hanc,
877 2998 1052 3079 expromta
1082 3004 1218 3085 quoque

219 3106 374 3192 nonnulla
393 3126 506 3177 novae
530 3105 688 3176 materiae
715 3125 828 3198 parte,
854 3105 902 3178 ita
930 3105 1009 3179 huic
1033 3099 1217 3202 quaesturi

220 3215 370 3301 adhibuit
395 3226 648 3315 Ruhnkenius,
674 3244 733 3313 ut,
763 3224 875 3298 nostro
905 3228 1037 3320 quidem
1064 3228 1219 3320 judicio,
1315 3247 1318 3254 ·

219 3355 293 3423 eam
316 3352 510 3446 explicuisse
532 3350 697 3423 videatur.
745 3333 930 3448 Aliquanto
959 3350 1067 3440 minus
1095 3348 1216 3424 instrue

218 3477 293 3572 §lus
317 3475 385 3549 fuit
410 3476 473 3549 hac
495 3475 618 3571 duplici
643 3472 723 3545 dote
753 3474 940 3550 Oderi'cu'sr'
962 3474 1020 3573 qui
1047 3474 1129 3549 licet
1153 3472 1215 3549 fal-

216 3605 303 3698 lam,
329 3620 368 3674 ut
390 3601 483 3674 nobis
508 3598 672 3689 videtur,
696 3595 893 3673 sententiam
922 3602 1221 3698 propugnaverit,

218 3735 294 3824 eum
319 3727 445 3821 magnis
465 3722 545 3800 viris
560 3722 702 3812 erravit,
727 3747 768 3796 ac
791 3724 969 3797 disserendi
992 3725 1216 3812 subtilitatem

215 3874 294 3951 pum
315 3849 537 3950 antiquitatis
568 3847 875 3945 cognitione-haud
892 3844 1022 3942 vulgari
1044 3854 1205 3933 ostendit.
1293 3899 1297 3904 μ
