2900 7100
448 1539 454 1556 ‘
524 1467 541 1522 Χ

276 1811 315 1888 ,u
364 1769 482 1876 sart
514 1790 819 1873 aunarius
850 1784 1233 1868 raonrnrrus

290 1972 327 2049 sn
349 1969 462 2070 pano
491 1968 566 2043 nnc
599 1963 682 2042 rm
714 1958 974 2052 menatenam,
1005 1938 1051 2033 α’
1086 1956 1227 2054 epistola
1251 1958 1292 2033 aa

143 2113 146 2120 '
283 2093 517 2192 uramingium
544 2086 685 2185 scripta:
709 2085 749 2163 dt
773 2089 843 2185 Jer,
869 2080 1079 2173 Marklandi,
1111 2080 1293 2156 adnotatae
1338 2126 1341 2130 -

288 2219 331 2293 ad
350 2214 480 2289 editum
502 2212 717 2310 exemplum,
740 2214 830 2313 quod
854 2236 900 2288 ex
916 2208 1085 2284 Britannia
1106 2205 1192 2282 misrt
1209 2211 1295 2281 Bur·

286 2361 411 2429 manno
432 2337 618 2415 Dorvillius
638 2335 754 2446 filius„
783 2334 858 2410 Alii
878 2357 1014 2432 quoque
1035 2333 1174 2408 suerunt
1199 2331 1294 2408 dosti

290 2465 375 2557 viri,
390 2464 448 2563 qui
463 2461 519 2537 sua
539 2462 584 2535 de
606 2456 830 2557 Propertianis
854 2456 937 2535 locis
959 2459 1133 2535 observata
1156 2455 1213 2533 vel
1233 2477 1293 2553 pet

287 2592 467 2692 epistolas,
489 2584 547 2661 ve'l
570 2606 633 2682 per
648 2583 830 2700 colloquia,
844 2605 921 2656 cum
938 2585 1129 2659 Bunnanno
1143 2605 1301 2672 commu-p

287 2713 470 2801 mearent,
503 2708 609 2782 veruti
631 2705 881 2799 Ruhnkenius,
913 2708 1135 2798 Schraderus,
1161 2709 1292 2784 Canne⁴

150 2859 153 2867 ’
287 2840 455 2938 gietenrs,
478 2829 654 2922 Eldikius,
676 2829 746 2927 ipse
770 2831 971 2923 Santenius,
1006 2831 1045 2909 ἀ
1065 2834 1130 2911 aiii.

333 2958 401 3070 Sed
423 2958 475 3033 bis
496 2955 601 3055 copiis
624 2954 794 3057 quomodo
823 2954 902 3034 usus
919 2956 960 3034 fit
982 2962 1210 3049 Burmannus,
1236 2948 1289 3032 vi·

135 3093 137 3097 '
284 3084 433 3164 dminus.
481 3082 628 3161 Primum
649 3080 684 3157 in
705 3081 807 3159 variis
830 3082 1038 3161 lesbionibus'
1054 3086 1212 3160 librorum
1236 3108 1291 3160 re·

116 3197 125 3206 ’
186 3301 188 3306 ,
230 3207 233 3212 ’
283 3210 456 3292 censendis
486 3234 561 3287 eam
594 3207 797 3287 criticorum
826 3207 1021 3306 religionem
1043 3207 1176 3285 secutus
1209 3215 1324 3304 est,

132 3379 134 3385 ·
284 3356 325 3414 ut
349 3339 487 3412 omuino
510 3355 626 3409 omnes
647 3354 944 3427 commemoraret,
964 3359 1008 3412 ne
1024 3335 1063 3409 iis
1079 3335 1215 3433 quidem·
1227 3351 1289 3413 ex·

283 3460 412 3560 ceptis,
429 3482 514 3559 quae
531 3457 711 3534 manifesto
728 3458 825 3535 salsae
839 3459 1041 3537 absurdacve
1058 3464 1166 3540 esseut
1177 3490 1188 3556 ;
1198 3464 1295 3563 quod
1345 3543 1351 3554 ,

277 3585 469 3686 Judicaret,
510 3587 544 3657 in
573 3583 613 3654 iis
644 3607 780 3676 quoque
815 3605 917 3656 verae
953 3587 1135 3682 scripturae
1149 3647 1152 3651 -
1166 3592 1297 3666 semina

280 3712 384 3788 latere
416 3708 521 3812 posse.
570 3704 723 3813 -Eadem
756 3702 927 3800 diligentia
956 3708 1105 3782 adhibita
1128 3732 1181 3785 est
1206 3738 1292 3789 entra

192 3832 198 3863 ‘
280 3835 446 3922 metandis
461 3829 665 3930 superiorum
689 3828 867 3906 Editorum
884 3831 929 3908 ’ἃ
951 3833 1088 3907 aliorum
1108 3835 1287 3915 dosiorum

282 3959 569 4037 emendationibus
585 3976 686 4053 atque
706 3955 1009 4048 observationibus,
1024 3953 1110 4058 quae
1127 3983 1195 4038 non
1213 3969 1288 4061 qun

203 4126 205 4131 ·
281 4084 360 4165 dem
381 4083 530 4182 integrae
562 4080 787 4171 exhibentur,
819 4081 878 4153 sed
909 4102 1020 4160 tamen
1052 4088 1112 4162 suo
1135 4114 1289 4188 quaeque

280 4208 358 4281 loco
373 4225 687 4296 commemorantur.
712 4206 818 4281 Po'rro
831 4205 919 4280 crisis
937 4206 1072 4284 additur
1090 4214 1288 4290 sessionibus

137 4428 139 4432 Ι
208 4328 211 4338 ’
279 4331 320 4409 dt
334 4328 639 4421 emendationibus,
661 4352 726 4426 qua
750 4329 987 4426 expenduntur
1011 4336 1067 4409 vel
1091 4339 1133 4413 ad
1150 4330 1288 4416 consue·

148 4442 155 4452 ⁵
282 4457 434 4535 tudinem
452 4456 642 4555 poeticam,
666 4456 722 4531 vel
739 4455 782 4529 ad
798 4455 875 4531 alias
898 4457 1058 4540 rationes.
1090 4465 1208 4563 Atque
1226 4467 1288 4541 hac

282 4583 455 4660 occasione
470 4580 609 4657 subinde
624 4581 834 4681 expromitur
850 4583 1101 4679 interpretatio,
1123 4611 1187 4682 qua
1204 4593 1286 4663 Bur-

280 4730 419 4782 nurmus
433 4709 481 4783 ita
496 4708 572 4783 usus
585 4725 658 4798 est,
683 4729 752 4780 non
768 4726 806 4779 ut
830 4706 957 4780 adeam
973 4727 1140 4809 tamquam
1160 4737 1284 4809 propo·

144 4929 146 4933 ι
278 4829 377 4904 fitum
400 4833 502 4906 finem
525 4830 635 4906 omnia
657 4829 816 4915 referret,
843 4827 898 4902 sed
926 4850 964 4904 ut
985 4835 1165 4911 advocaret
1189 4864 1285 4933 earn,

246 4951 302 5026 'si
326 4951 459 5044 quando
481 4953 655 5029 videretur
687 4972 797 5048 opus,
829 4966 997 5051 tamquam
1018 4959 1283 5040 instrumentum

278 5072 529 5152 constituendae
558 5077 721 5154 lediionis.
781 5078 873 5154 Tum
897 5084 963 5160 loci
993 5086 1112 5164 similes
1144 5089 1282 5170 aliorum

273 5208 478 5311 positarum,
507 5203 564 5294 qui
592 5205 626 5279 in
657 5205 779 5279 eodem
804 5229 1003 5305 argumento
1032 5212 1154 5289 uersati
1178 5214 1252 5289 sunt
1268 5250 1290 5306 ,·

165 5383 169 5391 .
254 5324 259 5356 ·'
274 5326 469 5411 adferuntur
481 5381 494 5419 ,
526 5348 636 5422 neque
661 5347 798 5448 ‚tantum
821 5334 1011 5432 Veterum,
1035 5339 1092 5419 sed
1114 5340 1283 5414 recentio-

1205 5487 1279 5539 rum
