2900 7100
853 1496 904 1552 χ.

300 1649 343 1760 ’.
413 1641 1074 1766 nx.no.a'r.1u.nronr
1152 1706 1249 1790 -rn

238 1880 383 1968 propter
404 1860 552 1957 aliquam
577 1852 732 1930 criticam
756 1855 898 1950 dotem,
928 1883 1014 1957 quae
1034 1865 1123 1938 nulla
1156 1864 1249 1946 suita

239 1979 297 2072 l'e'd
328 2011 475 2091 propter
507 1985 842 2060 commendationem
874 1984 1095 2082 praefationis
1130 1992 1253 2070 Erner-

238 2123 353 2212 time,
385 2137 452 2214 qua
476 2110 739 2207 promittebatur
770 2113 925 2210 quintum
956 2117 1144 2209 volumen,
1180 2147 1253 2218 quo

242 2247 283 2324 ἃ
309 2245 440 2322 indicet
465 2233 735 2332 &superiorum
759 2238 940 2312 Editorum
971 2238 1178 2340 aliommque
1197 2248 1258 2320 via

243 2395 363 2445 rorum
385 2366 565 2440 <tortorum
588 2360 908 2454 animadversiones,
929 2360 967 2436 dr
990 2367 1131 2440 omnino
1158 2370 1256 2446 criti·
1353 2396 1358 2409 ·

249 2520 293 2572 ca
307 2491 678 2584 filva,continerentur.
710 2491 787 2589 Qua
801 2484 860 2582 spe
872 2488 931 2585 qui
947 2488 1121 2568 adlibrum
1138 2517 1255 2574 emen-

244 2622 324 2697 dum
353 2614 486 2694 indutu
516 2615 613 2708 sunt,
648 2615 706 2712 qui
736 2611 892 2711 prolecto
907 2667 910 2674 -
926 2616 1024 2690 multi
1056 2617 1156 2710 sunt,
1199 2645 1257 2694 ae·

247 2771 310 2846 gre
332 2746 448 2820 lerunt
482 2740 585 2817 fidem
626 2739 779 2813 nondum
811 2736 1014 2814 liberatam:
1061 2743 1134 2816 uve
1157 2745 1261 2840 culpa·

253 2893 295 2945 ea
316 2869 356 2944 fit
379 2869 524 2958 librarii,
548 2866 619 2941 five
639 2861 805 2940 Editoris.
843 2865 981 2959 ¹ltaque
1002 2884 1143 2962 partem,
1162 2868 1259 2946 illam

248 2995 375 3095 fiquis
408 2996 574 3090 expleat,
607 3016 679 3067 non
709 2991 847 3089 quidem
879 2990 1029 3064 vanitate
1059 2994 1169 3084 tituli,
1197 2995 1255 3070 led

251 3141 295 3193 ex
324 3139 363 3189 re
379 3139 480 3214 atque
505 3143 609 3211 vero,
633 3123 662 3194 ia
685 3118 723 3196 dt
745 3138 906 3212 magnam
926 3115 1014 3211 apud
1033 3137 1169 3200 ¹veteres
1184 3144 1266 3210 em·-¹

256 3264 347 3320 torer
379 3245 523 3341 gratiam
549 3244 667 3338 ineat,
695 3242 733 3322 ἃ
765 3239 914 3320 editioni
953 3253 1062 3320 novor
1110 3262 1259 3320 emtores

253 3373 428 3450 conciliet.
486 3371 555 3442 Sed
589 3393 725 3458 eorum,
745 3368 801 3463 qui
830 3387 950 3466 postea
980 3367 1125 3466 singulos
1156 3372 1262 3447 libros

259 3499 403 3572 ederent
416 3564 422 3581 ‚
433 3492 664 3567 memorandus
682 3491 731 3565 est
740 3495 903 3585 Zeunius,
921 3495 1051 3592 dequo
1066 3516 1184 3593 postea
1207 3521 1260 3572 re·

255 3620 454 3713 feretur,&
479 3621 529 3707 is,
548 3618 591 3692 de
612 3645 678 3718 quo
703 3644 795 3695 nunc
819 3623 935 3696 dicere
960 3619 1209 3697 constituimus,
1226 3627 1262 3702 S.

253 3756 282 3827 F
283 3780 308 3828 r.
341 3754 390 3827 N.
426 3754 577 3840 Morus,
608 3745 660 3821 vir
683 3765 863 3821 accuratae
886 3747 1060 3825 doctrinae
1089 3747 1126 3823 du
1149 3745 1262 3847 snrgu-

248 3882 327 3957 laris
348 3877 544 3955 modestiae.
1267 3952 1271 3959 ,

300 4007 345 4079 Et
370 4007 405 4078 in
423 3996 619 4075 adornanda
651 4002 714 4075 hac
738 4001 890 4081 editione
913 4011 976 4084 tria
1002 4009 1063 4085 fibi
1093 4009 1265 4106 propofita

252 4132 374 4222 misse,
393 4131 457 4205 ait:
469 4127 639 4226 primum,
656 4144 692 4200 ut
707 4127 884 4208 Historiae
906 4132 1058 4208 {ludiosis
1073 4134 1266 4211 intelleblua

256 4279 389 4348 rerum,
415 4278 627 4352 temporum,
652 4257 824 4349 locorum,
851 4261 1058 4353 caussarum,
1085 4264 1263 4360 omnisque

259 4380 530 4468 nexus,lacilior
546 4381 758 4456 redderetur:
787 4387 949 4469 alterum,
965 4407 1003 4455 ut
1021 4390 1164 4457 Critices
1191 4384 1260 4459 stu·

259 4502 365 4577 diosrs
382 4503 513 4576 indoles
531 4524 639 4576 textus
657 4507 903 4606 Xenophontci
924 4504 962 4578 dt
986 4509 1119 4579 caussae
1141 4508 1262 4579 leelin-

254 4652 337 4702 num
367 4625 657 4722 dijudicnndnrum
672 4637 962 4730 exponerentur,
1002 4651 1164 4728 quantum
1188 4633 1269 4728 qui·.

252 4755 332 4828 dem
358 4755 449 4846 ase,
476 4756 652 4830 codicibus
681 4761 866 4851 destituto,
891 4760 968 4833 fieri
992 4759 1175 4855 potuisset:
1192 4779 1262 4832 ter·

256 4877 363 4965 tium,
393 4898 431 4951 ut
456 4880 623 4956 tironibus
648 4884 868 4957 exhiberetur
900 4884 1027 4982 aliquid
1062 4883 1263 4965 adminiculi

253 5000 298 5079 ad
328 5000 511 5080 dictionem
543 5007 783 5107 Xenophontis
807 5006 958 5083 subtilius
991 5011 1263 5109 intelligendam.

254 5136 376 5230 Itaque
414 5132 534 5227 triplex
573 5135 702 5211 lactum
740 5152 791 5205 ert
830 5130 1168 5225 Animadversionum
1198 5153 1261 5226 ge-

250 5280 329 5336 nus.
385 5257 557 5356 Primum,
592 5261 686 5359 quod
704 5258 824 5359 quavis
852 5262 979 5361 pagina
1002 5262 1187 5356 subjeetum
1211 5269 1262 5325 ert

793 5389 821 5463 F
839 5410 862 5480 5
1156 5375 1261 5467 Graef
