2900 7100
218 1741 221 1748 ·
314 1720 697 1828 natationes
726 1669 1090 1802 unnvtonne·
1126 1692 1208 1820 '119

220 1899 336 1992 esset,
377 1901 443 1980 lloe
471 1897 661 1997 responsum
689 1892 793 1974 tulit:
811 1925 816 1930 ·
833 1857 992 1993 iitelugo.
1013 1915 1050 1970 te
1085 1897 1211 1992 sapere.

219 2029 357 2129 Nempe
370 2022 502 2124 questus
516 2003 588 2112 erat
602 2024 657 2114 ir,
672 2020 765 2115 cujus
782 2013 1062 2096 commilitonibus
1079 2041 1210 2104 tantum

220 2175 287 2249 non
306 2149 458 2228 omnibus
478 2147 552 2220 libri
572 2145 623 2220 N.
647 2142 718 2233 T.,
741 2168 803 2236 pro
829 2166 889 2243 ea,
914 2169 998 2239 quae
1024 2168 1210 2240 tumeret,

218 2277 313 2375 vulgi
334 2274 492 2371 opinione
508 2320 519 2357 ,
533 2263 679 2338 facillimi
701 2265 773 2346 etse
805 2266 1015 2359 videbantur.
1072 2272 1209 2361 Horum

209 2397 325 2480 nostri
362 2391 626 2467 commilitonum
662 2386 722 2463 vix
755 2390 928 2489 quiequam
971 2407 1097 2464 tantam
1136 2396 1211 2470 veri

219 2535 322 2614 acute
343 2514 482 2609 uidendi
498 2514 657 2611 reeteque
673 2511 913 2611 interpretandi
927 2514 1121 2590 facultatem
1136 2519 1211 2613 phi·

219 2642 422 2741 losophando
451 2636 490 2726 ἀ
524 2639 786 2721 Mathematicus
821 2638 1008 2736 dheiplinm
1037 2643 1212 2720 meanto

218 2786 292 2844 erat
315 2766 542 2866 adsequutus,
571 2764 612 2847 ἃ
637 2766 679 2842 ad
701 2763 951 2860 cognoscendos
977 2765 1077 2842 libros
1100 2766 1210 2863 sacros
1294 2759 1299 2770 '

217 2894 396 2988 attulerat,
427 2906 585 2989 quantam
609 2890 699 2987 ipse,
730 2890 789 2985 qui
810 2888 912 2982 etiam
934 2890 1095 2964 bonarum
1117 2890 1212 2962 Lite·

215 3039 325 3101 rarum
348 2995 514 3113 praesidiis
536 3013 623 3100 esset
641 3013 837 3099 inllrublue:
868 3012 955 3085 adeo
977 3015 1029 3088 ille
1045 3017 1114 3113 jam
1136 3033 1213 3114 ¹tutu

217 3141 306 3216 inter
330 3159 462 3230 ceteros
484 3139 674 3233 eminebatl
707 3140 884 3225 Habuerat
903 3160 1017 3213 autern
1042 3142 1076 3212 in
1103 3141 1214 3214 Philo·¹

216 3263 332 3361 sophie
370 3264 491 3339 ducem
530 3259 780 3349 Schlosserunr,
820 3254 980 3369 ¹formulae
1024 3260 1216 3335 Wolfianaa

216 3384 469 3486 philosophum,
493 3387 550 3461 sed
572 3406 702 3483 praeter
723 3407 875 3481 eaeteros
895 3389 1104 3486 elegantem:
1119 3407 1140 3457 e
1154 3408 1216 3459 cu·.

211 3512 269 3609 jus
288 3508 405 3584 scholis
434 3528 566 3590 tantum
590 3509 818 3607 Philosophiae
841 3534 986 3587 amorem
1012 3510 1214 3605 imbiberat,

218 3652 280 3726 ut,
293 3635 691 3733 Lipsramudelatuucum
712 3639 864 3712 Gesnero
878 3638 913 3708 in
928 3637 1214 3731 privata‘consue·

215 3760 335 3834 tudine
353 3762 596 3856 propemodum
621 3763 666 3836 nil
691 3760 781 3833 aliud
797 3783 896 3854 quam
918 3759 1215 3855 philosopharetur,

216 3886 286 3995 Qui
302 3907 405 3982 quum
426 3883 699 3981 cognovisset&
724 3880 942 3954 subtilitatem
959 3881 1065 3955 nostri
1085 3879 1124 3955 ἃ
1145 3886 1213 3956 ele·

215 4010 382 4108 gantiam,
408 4005 560 4077 hortatus
585 4016 638 4076 est
672 4025 749 4076 eum
774 4021 875 4100 atque
902 4001 1052 4099 impulit,
1070 4026 1109 4080 ut
1133 4012 1214 4084 Ma·

215 4121 348 4215 ¹theseos
380 4123 419 4224 ost
454 4124 680 4222 Philosophiae
710 4128 809 4203 Initia
843 4126 1029 4202 Latinitate
1064 4129 1216 4228 donaret,
1267 4125 1274 4135 ’

217 4251 383 4354 Hauserat
409 4268 522 4325 autem
552 4273 661 4327 rerum
692 4254 1015 4334 Matlrematicarum
1030 4257 1213 4337 'scientiam

218 4402 288 4453 non
318 4377 561 4472 vitembergae
587 4396 718 4451 tantum
750 4378 789 4451 <it
816 4381 943 4454 Scholia
966 4383 1214 4474 Hasri‚-excel·

217 4499 388 4588 lentissrmi
420 4502 648 4589 Geometrae,
679 4501 737 4572 sed
767 4501 868 4575 etiam
892 4524 935 4592 ex
965 4507 1129 4579 Hausenii
1151 4532 1214 4583 no·¹

221 4621 328 4698 stratis
352 4644 361 4694 :
395 4621 511 4720 (quem
533 4622 592 4708 vel
611 4622 679 4718 ipse
705 4624 910 4700 Kaest'nerus
934 4623 987 4698 ille
1018 4648 1216 4727 praecepto-¹

220 4774 291 4825 rem
315 4749 372 4824 srbi
401 4747 578 4845 contigisse
604 4730 716 4822 laetari
740 4748 851 4846 solet).
875 4735 958 4849 Ejut
986 4751 1214 4851 frequentavit

218 4876 457 4980 praeletliones
488 4872 531 4946 de
564 4871 710 4948 Mathesr
740 4872 936 4973 sublimiori,
965 4900 1044 4972 eum
1079 4854 1212 4963 duobus

220 5002 371 5077 tribusve
387 4998 685 5095 commilitonibus,
707 5000 741 5074 in
756 5001 874 5098 quibua
889 5004 1105 5100 blermanntu
1122 5002 1191 5097 ¹erat
1201 5060 1217 5105 ,Ι

220 5147 311 5211 punc
339 5126 373 5199 in
396 5127 469 5199 auli
493 5122 671 5198 Dreedensr
695 5124 915 5204 concionator
939 5130 1128 5228 primarius,
1155 5153 1217 5209 ve·

175 5315 177 5320 .
221 5250 384 5351 netandae
406 5249 524 5349 senex,
551 5271 654 5347 quum
678 5251 803 5324 caeteri
818 5250 965 5350 sodales,
988 5254 1045 5357 qui
1058 5259 1100 5332 ab
1116 5248 1220 5334 initiu

571 5365 601 5424 ’-
709 5379 750 5452 H
771 5399 799 5493 a„
995 5360 998 5367 '
1111 5367 1216 5461 petio,-
