2900 7100
192 1397 198 1406 ι

765 1537 769 1550 Ι
1294 1539 1299 1554 Ι

199 1777 202 1782 -
321 1738 388 1825 on
414 1736 625 1828 orrrcns„
646 1736 687 1813 t.
710 1733 777 1807 111.
802 1732 879 1810 no.
905 1731 1137 1809 Hsnsmo.
1191 1760 1237 1837 57

250 1913 329 1988 boni
349 1907 387 1983 dc
411 1907 557 2008 antiquir
590 1905 788 1983 scholiastes
815 1885 971 1984 emedio
995 1927 1103 1998 aevo,
1127 1910 1244 1991 ntdlius

165 2119 171 2129 ‚
248 2040 303 2112 ille
320 2037 453 2133 quidem
478 2031 520 2105 ad
543 2031 726 2112 doetrinanr
743 2028 861 2127 pretii,
893 2045 957 2109 rrec
979 2049 1089 2115 tamer
1117 2030 1240 2113 inutilis

248 2164 289 2245 ad
315 2163 491 2248 lectionem
520 2156 807 2237 constituendum:
842 2180 943 2251 porro
965 2154 1128 2236 editiones
1154 2154 1243 2250 opti,

247 2312 322 2368 mae
341 2288 379 2362 ἃ
403 2281 662 2378 antiquisfimae,
694 2281 900 2379 Mogontina
922 2281 1014 2356 Anni
1041 2287 1157 2372 1465,
1182 2280 1244 2356 alia

179 2479 186 2500 ‚
248 2415 315 2486 srne
339 2412 404 2484 loci
424 2408 461 2483 ἃ
486 2406 562 2479 anni
593 2403 735 2494 indicio,
762 2408 899 2481 Veneta
928 2410 1036 2493 1498,
1060 2404 1242 2500 Lipsrenses

246 2535 333 2609 dnae
360 2530 639 2627 1507&1513,
664 2529 879 2625 Hervagiana
908 2557 915 2600 ι
925 2552 1016 2624 534,
1041 2525 1239 2607 vittoriana

249 2686 362 2758 1537,
387 2652 612 2739 Camerariana
631 2674 740 2743 1540,
767 2653 958 2752 Gryphiana
973 2655 1121 2752 ejusdem
1138 2654 1240 2745 anni,
1326 2674 1329 2678 ’

244 2782 493 2877 Anemoeeiana
517 2803 627 2871 1541,
653 2776 774 2856 Aldina
793 2788 862 2870 156
869 2805 905 2867 r,
929 2780 1097 2878 Largiana
1125 2787 1238 2875 1563,

242 2907 456 2986 lambiniana'
481 2911 599 2996 1566,
624 2903 825 3001 Hieronymi
853 2905 973 2981 Wolfii
1002 2914 1112 2999 1569,
1138 2908 1240 2988 Fran·

242 3034 324 3112 eisei
339 3030 480 3110 Fabricii
500 3036 613 3115 1581,
639 3025 782 3104 Henrici
804 3028 992 3122 Saganensrs
1007 3030 1238 3127 Vltertbergae

244 3167 362 3248 1582,
388 3150 593 3232 Gotltofredi
619 3156 728 3238 1596:
759 3169 829 3225 tom
852 3151 1075 3226 recentiorum
1097 3154 1236 3247 copiae,

243 3278 398 3368 Gruteri,
431 3274 587 3365 Graevii,
625 3274 817 3364 Gronovii,
841 3272 1065 3364 eockmanoi,
1091 3278 1237 3370 Pearcii,

241 3401 389 3487 Oliveti,
415 3398 570 3486 Ernesti,
603 3397 646 3471 de
669 3396 786 3494 quibus
809 3423 878 3478 non
905 3400 1069 3498 estquod
1099 3406 1234 3503 pecora..

238 3527 321 3602 riter
340 3524 479 3610 dicatur.
530 3525 688 3621 Denique
709 3550 776 3600 non
801 3527 948 3626 neglexit
967 3551 1048 3621 eos,
1064 3531 1121 3632 qui
1138 3533 1234 3612 Cice-

237 3652 327 3728 ronis
349 3651 441 3724 locos
471 3649 505 3724 in
525 3653 607 3742 ¹suos
632 3654 731 3726 libros
762 3656 1018 3745 transtulerunt,
1048 3677 1068 3727 e
1091 3679 1234 3753 quorum

233 3801 356 3878 genere
380 3771 543 3851 excitavit
569 3776 714 3862 bedam,
748 3779 910 3873 Joannem
940 3778 1234 3876 sarisberiensem,

231 3904 408 3978 Albertum
427 3898 469 3972 de
496 3899 599 3993 Eyb:
631 3900 785 3976 Nonium
808 3925 891 3979 vero
922 3906 1120 3987 Marcellum
1150 3933 1231 3993 cum

233 4027 363 4098 duobus
393 4022 535 4093 contulit
568 4018 739 4094 codicibus
770 4021 897 4119 scriptis
930 4027 1077 4120 ejusdem
1115 4031 1231 4113 biblio,
1260 4052 1264 4059 ·

219 4147 377 4235 thecae,
408 4145 513 4225 altero
544 4143 761 4237 recentiore,
793 4151 897 4229 altero
926 4148 1118 4247 optimo&
1144 4155 1230 4241 amj.

230 4272 392 4373 qnissrmo.

277 4401 333 4471 Ad
357 4417 464 4481 tantas
492 4397 603 4491 copias
626 4420 728 4490 quum
751 4420 818 4471 non
839 4400 1001 4481 minorem
1021 4405 1226 4507 diligentiam

227 4523 267 4596 dc
291 4519 482 4615 religionem
505 4519 651 4592 adferret
671 4521 921 4616 Heusingerus,
952 4553 1021 4604 non
1046 4533 1223 4627 miramur,

226 4672 304 4728 eum
331 4668 453 4718 novam
476 4644 699 4720 recensionem
730 4644 838 4734 dare,
878 4670 977 4741 quam
1011 4654 1222 4738 Emestinam
1305 4657 1308 4663 ’

225 4771 334 4869 sequi,
360 4768 519 4842 maluisse.
570 4769 654 4843 Huc
686 4773 885 4860 accedebat,
917 4777 1009 4871 quod
1036 4780 1219 4887 Ernestus,

220 4896 411 4994 praesertim
425 4895 459 4971 in
469 4893 701 4988 Philosophicis
716 4898 872 4990 operibus
882 4899 1051 4983 ‚Ciceronis
1060 4961 1071 4997 ,
1080 4907 1218 4987 nimium

218 5022 428 5110 festinasset,
453 5019 491 5095 dc
511 5020 545 5101 iri
565 5018 796 5094 constituendi
813 5026 965 5100 oratione
989 5030 1153 5116 rationem
1168 5056 1220 5119 re.

218 5148 448 5231 nuisseteam,
474 5169 571 5241 quam
597 5146 826 5242 Heofingerns
848 5174 915 5224 non
938 5153 1105 5247 probaret,
1153 5128 1233 5240 Iris-¹

214 5273 374 5385 probatae
391 5273 527 5365 rationis
543 5271 612 5351 duo
633 5269 709 5347 sont
733 5258 862 5371 capita,
886 5296 972 5371 quse
995 5275 1097 5358 dode
1118 5294 1221 5378 acetr-¹

533 5489 535 5493 Α
647 5396 683 5468 D
708 5418 731 5486 5
1076 5422 1214 5502 rateque
1337 5502 1341 5511 Ι

348 5590 361 5701 l
