<?xml version="1.0" encoding="UTF-8"?>
<!DOCTYPE html PUBLIC "-//W3C//DTD XHTML 1.0 Transitional//EN"
    "http://www.w3.org/TR/xhtml1/DTD/xhtml1-transitional.dtd">
<html xmlns="http://www.w3.org/1999/xhtml" xml:lang="en" lang="en">
 <head>
  <title>
</title>
<meta http-equiv="Content-Type" content="text/html;charset=utf-8" />
  <meta name='ocr-system' content='tesseract 3.04.00' />
  <meta name='ocr-capabilities' content='ocr_page ocr_carea ocr_par ocr_line ocrx_word'/>
</head>
<body>
  <div class='ocr_page' id='page_1' title='image "./bibliotecacriti01wyttgoog_0133.png"; bbox 0 0 2900 7100; ppageno 0'>
   <div class='ocr_carea' id='block_1_1' title="bbox 627 1401 1319 1566">
    <p class='ocr_par' dir='ltr' id='par_1_1' title="bbox 627 1401 1319 1566">
     <span class='ocr_line' id='line_1_1' title="bbox 737 1401 749 1438; baseline 0 0"><span class='ocrx_word' id='word_1_1' title='bbox 737 1401 749 1438; x_wconf 73' lang='grc' dir='ltr'><strong><em>ὶ</em></strong></span> 
     </span>
     <span class='ocr_line' id='line_1_2' title="bbox 627 1509 1319 1522; baseline -0.001 1"><span class='ocrx_word' id='word_1_2' title='bbox 627 1511 630 1516; x_wconf 94' lang='grc'><strong><em>·</em></strong></span> <span class='ocrx_word' id='word_1_3' title='bbox 1314 1509 1319 1522; x_wconf 77' lang='grc' dir='ltr'>ι</span> 
     </span>
     <span class='ocr_line' id='line_1_3' title="bbox 1028 1543 1037 1566; baseline 0 0"><span class='ocrx_word' id='word_1_4' title='bbox 1028 1543 1037 1566; x_wconf 76' lang='grc' dir='ltr'>Ι</span> 
     </span>
    </p>
   </div>
   <div class='ocr_carea' id='block_1_2' title="bbox 179 1703 1221 5370">
    <p class='ocr_par' dir='ltr' id='par_1_2' title="bbox 179 1703 1215 4391">
     <span class='ocr_line' id='line_1_4' title="bbox 277 1703 1189 1836; baseline 0.014 -32"><span class='ocrx_word' id='word_1_5' title='bbox 277 1703 1047 1810; x_wconf 69' lang='lat' dir='ltr'>.iibiorlT10Nbs&#39;BiiEt-&#39;ioitbs</span> <span class='ocrx_word' id='word_1_6' title='bbox 1125 1750 1189 1836; x_wconf 75' lang='lat' dir='ltr'>igr</span> 
     </span>
     <span class='ocr_line' id='line_1_5' title="bbox 196 1902 1196 2008; baseline -0.002 -22"><span class='ocrx_word' id='word_1_7' title='bbox 196 1907 282 1986; x_wconf 80' lang='lat' dir='ltr'>ieie·</span> <span class='ocrx_word' id='word_1_8' title='bbox 329 1909 457 2005; x_wconf 86' lang='lat' dir='ltr'>Neque</span> <span class='ocrx_word' id='word_1_9' title='bbox 480 1905 516 1981; x_wconf 92' lang='lat' dir='ltr'>in</span> <span class='ocrx_word' id='word_1_10' title='bbox 539 1927 649 1980; x_wconf 89' lang='lat' dir='ltr'>rerum</span> <span class='ocrx_word' id='word_1_11' title='bbox 671 1902 889 1980; x_wconf 78' lang='lat' dir='ltr'>illustratione</span> <span class='ocrx_word' id='word_1_12' title='bbox 911 1904 1065 1982; x_wconf 73' lang='lat' dir='ltr'>inurilznr</span> <span class='ocrx_word' id='word_1_13' title='bbox 1087 1910 1196 2008; x_wconf 86' lang='lat' dir='ltr'>posuit</span> 
     </span>
     <span class='ocr_line' id='line_1_6' title="bbox 187 2030 1201 2148; baseline -0.002 -38"><span class='ocrx_word' id='word_1_14' title='bbox 187 2034 346 2148; x_wconf 76' lang='lat' dir='ltr'>operami</span> <span class='ocrx_word' id='word_1_15' title='bbox 373 2031 469 2128; x_wconf 86' lang='lat' dir='ltr'>cujus</span> <span class='ocrx_word' id='word_1_16' title='bbox 492 2053 532 2106; x_wconf 86' lang='lat' dir='ltr'>ea</span> <span class='ocrx_word' id='word_1_17' title='bbox 555 2032 652 2108; x_wconf 88' lang='lat' dir='ltr'>nobis</span> <span class='ocrx_word' id='word_1_18' title='bbox 673 2053 749 2130; x_wconf 84' lang='lat' dir='ltr'>pars</span> <span class='ocrx_word' id='word_1_19' title='bbox 771 2030 808 2106; x_wconf 89' lang='lat' dir='ltr'>iri</span> <span class='ocrx_word' id='word_1_20' title='bbox 831 2033 945 2128; x_wconf 78' lang='lat' dir='ltr'>primia</span> <span class='ocrx_word' id='word_1_21' title='bbox 961 2033 1110 2131; x_wconf 84' lang='lat' dir='ltr'>placuit,</span> <span class='ocrx_word' id='word_1_22' title='bbox 1135 2055 1201 2129; x_wconf 84' lang='lat' dir='ltr'>qua</span> 
     </span>
     <span class='ocr_line' id='line_1_7' title="bbox 192 2155 1197 2258; baseline -0.004 -22"><span class='ocrx_word' id='word_1_23' title='bbox 192 2158 385 2236; x_wconf 78' lang='lat' dir='ltr'>Socraticae</span> <span class='ocrx_word' id='word_1_24' title='bbox 411 2155 604 2256; x_wconf 88' lang='lat' dir='ltr'>disciplinae</span> <span class='ocrx_word' id='word_1_25' title='bbox 628 2156 774 2254; x_wconf 82' lang='lat' dir='ltr'>vestigia</span> <span class='ocrx_word' id='word_1_26' title='bbox 791 2177 970 2248; x_wconf 83' lang='lat' dir='ltr'>notantur,</span> <span class='ocrx_word' id='word_1_27' title='bbox 1001 2179 1197 2258; x_wconf 81' lang='lat' dir='ltr'>praecepta-</span> 
     </span>
     <span class='ocr_line' id='line_1_8' title="bbox 179 2281 1201 2384; baseline -0.003 -25"><span class='ocrx_word' id='word_1_28' title='bbox 179 2307 258 2384; x_wconf 64' lang='lat' dir='ltr'>que</span> <span class='ocrx_word' id='word_1_29' title='bbox 281 2282 351 2382; x_wconf 90' lang='lat' dir='ltr'>ipsa</span> <span class='ocrx_word' id='word_1_30' title='bbox 379 2299 637 2368; x_wconf 87' lang='lat' dir='ltr'>memorantur,</span> <span class='ocrx_word' id='word_1_31' title='bbox 669 2300 757 2376; x_wconf 86' lang='lat' dir='ltr'>quae</span> <span class='ocrx_word' id='word_1_32' title='bbox 784 2285 821 2357; x_wconf 93' lang='lat' dir='ltr'>in</span> <span class='ocrx_word' id='word_1_33' title='bbox 845 2282 914 2355; x_wconf 81' lang='lat' dir='ltr'>aliis</span> <span class='ocrx_word' id='word_1_34' title='bbox 944 2281 1201 2382; x_wconf 85' lang='lat' dir='ltr'>Xenophonteis</span> 
     </span>
     <span class='ocr_line' id='line_1_9' title="bbox 190 2395 1201 2506; baseline -0.004 -21"><span class='ocrx_word' id='word_1_35' title='bbox 190 2395 283 2484; x_wconf 70' lang='lat' dir='ltr'>libris</span> <span class='ocrx_word' id='word_1_36' title='bbox 305 2410 366 2484; x_wconf 90' lang='lat' dir='ltr'>sub</span> <span class='ocrx_word' id='word_1_37' title='bbox 380 2402 528 2476; x_wconf 85' lang='lat' dir='ltr'>Socratis</span> <span class='ocrx_word' id='word_1_38' title='bbox 556 2401 694 2499; x_wconf 85' lang='lat' dir='ltr'>persona</span> <span class='ocrx_word' id='word_1_39' title='bbox 714 2404 911 2498; x_wconf 84' lang='lat' dir='ltr'>traduntur,</span> <span class='ocrx_word' id='word_1_40' title='bbox 936 2408 972 2483; x_wconf 90' lang='lat' dir='ltr'>in</span> <span class='ocrx_word' id='word_1_41' title='bbox 988 2407 1058 2482; x_wconf 86' lang='lat' dir='ltr'>hoc&#39;</span> <span class='ocrx_word' id='word_1_42' title='bbox 1076 2409 1119 2481; x_wconf 91' lang='lat' dir='ltr'>ad</span> <span class='ocrx_word' id='word_1_43' title='bbox 1133 2413 1201 2506; x_wconf 77' lang='lat' dir='ltr'>Cy·</span> 
     </span>
     <span class='ocr_line' id='line_1_10' title="bbox 185 2525 1204 2627; baseline 0.001 -19"><span class='ocrx_word' id='word_1_44' title='bbox 185 2555 270 2608; x_wconf 78' lang='lat' dir='ltr'>rum</span> <span class='ocrx_word' id='word_1_45' title='bbox 292 2525 597 2605; x_wconf 80' lang='lat' dir='ltr'>accommodantur.</span> <span class='ocrx_word' id='word_1_46' title='bbox 658 2527 736 2604; x_wconf 82' lang='lat' dir='ltr'>Alia</span> <span class='ocrx_word' id='word_1_47' title='bbox 766 2553 870 2627; x_wconf 84' lang='lat' dir='ltr'>pono</span> <span class='ocrx_word' id='word_1_48' title='bbox 898 2533 1029 2608; x_wconf 89' lang='lat' dir='ltr'>ratione</span> <span class='ocrx_word' id='word_1_49' title='bbox 1056 2531 1204 2608; x_wconf 88' lang='lat' dir='ltr'>tironum</span> 
     </span>
     <span class='ocr_line' id='line_1_11' title="bbox 194 2653 1204 2758; baseline 0.003 -28"><span class='ocrx_word' id='word_1_50' title='bbox 194 2653 336 2755; x_wconf 75' lang='lat' dir='ltr'>ingeniis</span> <span class='ocrx_word' id='word_1_51' title='bbox 354 2653 541 2729; x_wconf 85' lang='lat' dir='ltr'>oonsultum</span> <span class='ocrx_word' id='word_1_52' title='bbox 555 2669 629 2744; x_wconf 75' lang='lat' dir='ltr'>est,</span> <span class='ocrx_word' id='word_1_53' title='bbox 652 2669 697 2726; x_wconf 90' lang='lat' dir='ltr'>ut·</span> <span class='ocrx_word' id='word_1_54' title='bbox 714 2656 883 2754; x_wconf 76' lang='lat' dir='ltr'>capitibus</span> <span class='ocrx_word' id='word_1_55' title='bbox 895 2663 1093 2758; x_wconf 84' lang='lat' dir='ltr'>argumenta</span> <span class='ocrx_word' id='word_1_56' title='bbox 1107 2663 1204 2756; x_wconf 82' lang='lat' dir='ltr'>piae·-</span> 
     </span>
     <span class='ocr_line' id='line_1_12' title="bbox 188 2769 1206 2879; baseline 0.002 -25"><span class='ocrx_word' id='word_1_57' title='bbox 188 2777 405 2879; x_wconf 65' lang='lat' dir='ltr'>fipeoeutur,</span> <span class='ocrx_word' id='word_1_58' title='bbox 444 2777 484 2856; x_wconf 80' lang='grc' dir='ltr'><strong>ἃ</strong></span> <span class='ocrx_word' id='word_1_59' title='bbox 513 2780 694 2856; x_wconf 89' lang='lat' dir='ltr'>verbomm</span> <span class='ocrx_word' id='word_1_60' title='bbox 723 2769 986 2877; x_wconf 79' lang='lat' dir='ltr'>significationen</span> <span class='ocrx_word' id='word_1_61' title='bbox 1020 2779 1206 2856; x_wconf 78' lang='lat' dir='ltr'>inIndiee</span> 
     </span>
     <span class='ocr_line' id='line_1_13' title="bbox 188 2889 1206 3010; baseline -0.002 -26"><span class='ocrx_word' id='word_1_62' title='bbox 188 2903 398 2984; x_wconf 71' lang='lat' dir='ltr'>¹&#39;Graecitatis</span> <span class='ocrx_word' id='word_1_63' title='bbox 433 2922 692 3003; x_wconf 76' lang='lat' dir='ltr'>exponerentur.</span> <span class='ocrx_word' id='word_1_64' title='bbox 746 2905 832 2998; x_wconf 75' lang='lat' dir='ltr'>sed,</span> <span class='ocrx_word' id='word_1_65' title='bbox 857 2889 1130 3010; x_wconf 82' lang='lat' dir='ltr'>quandoquidem</span> <span class='ocrx_word' id='word_1_66' title='bbox 1145 2905 1206 2998; x_wconf 83' lang='lat' dir='ltr'>‘de</span> 
     </span>
     <span class='ocr_line' id='line_1_14' title="bbox 188 3027 1204 3131; baseline -0.003 -21"><span class='ocrx_word' id='word_1_67' title='bbox 188 3033 343 3110; x_wconf 69' lang='lat' dir='ltr'>nudibus</span> <span class='ocrx_word' id='word_1_68' title='bbox 365 3029 439 3107; x_wconf 81' lang='lat' dir='ltr'>libri</span> <span class='ocrx_word' id='word_1_69' title='bbox 461 3027 625 3122; x_wconf 81' lang='lat' dir='ltr'>diximus,</span> <span class='ocrx_word' id='word_1_70' title='bbox 646 3029 795 3104; x_wconf 80' lang='lat' dir='ltr'>dicamur</span> <span class='ocrx_word' id='word_1_71' title='bbox 814 3035 917 3104; x_wconf 90' lang='lat' dir='ltr'>etiam</span> <span class='ocrx_word' id='word_1_72' title='bbox 941 3030 988 3102; x_wconf 93' lang='lat' dir='ltr'>de</span> <span class='ocrx_word' id='word_1_73' title='bbox 999 3033 1097 3110; x_wconf 74' lang='lat' dir='ltr'>vitiii&#39;</span> <span class='ocrx_word' id='word_1_74' title='bbox 1111 3035 1204 3131; x_wconf 84' lang='lat' dir='ltr'>ejtr&#39;r,</span> 
     </span>
     <span class='ocr_line' id='line_1_15' title="bbox 195 3153 1208 3251; baseline -0.002 -19"><span class='ocrx_word' id='word_1_75' title='bbox 195 3161 275 3250; x_wconf 87' lang='lat' dir='ltr'>seu,</span> <span class='ocrx_word' id='word_1_76' title='bbox 300 3175 394 3232; x_wconf 86' lang='lat' dir='ltr'>oerte</span> <span class='ocrx_word' id='word_1_77' title='bbox 411 3209 423 3244; x_wconf 95' lang='lat'>,</span> <span class='ocrx_word' id='word_1_78' title='bbox 446 3153 489 3225; x_wconf 87' lang='lat' dir='ltr'>de</span> <span class='ocrx_word' id='word_1_79' title='bbox 510 3153 570 3243; x_wconf 80' lang='lat' dir='ltr'>iis,</span> <span class='ocrx_word' id='word_1_80' title='bbox 586 3178 673 3250; x_wconf 89' lang='lat' dir='ltr'>quae</span> <span class='ocrx_word' id='word_1_81' title='bbox 695 3155 792 3226; x_wconf 78' lang='lat' dir='ltr'>nobie</span> <span class='ocrx_word' id='word_1_82' title='bbox 806 3156 841 3228; x_wconf 91' lang='lat' dir='ltr'>in</span> <span class='ocrx_word' id='word_1_83' title='bbox 859 3177 903 3228; x_wconf 89' lang='lat' dir='ltr'>eo</span> <span class='ocrx_word' id='word_1_84' title='bbox 918 3154 1106 3251; x_wconf 73' lang='lat' dir='ltr'>displicent.</span> <span class='ocrx_word' id='word_1_85' title='bbox 1139 3161 1208 3232; x_wconf 91' lang='lat' dir='ltr'>Pri·</span> 
     </span>
     <span class='ocr_line' id='line_1_16' title="bbox 193 3274 1211 3371; baseline -0.002 -13"><span class='ocrx_word' id='word_1_86' title='bbox 193 3299 319 3371; x_wconf 85' lang='lat' dir='ltr'>tuum,</span> <span class='ocrx_word' id='word_1_87' title='bbox 348 3280 384 3355; x_wconf 94' lang='lat' dir='ltr'>in</span> <span class='ocrx_word' id='word_1_88' title='bbox 422 3274 586 3353; x_wconf 83' lang='lat' dir='ltr'>variarum</span> <span class='ocrx_word' id='word_1_89' title='bbox 608 3276 811 3355; x_wconf 66' lang='lat' dir='ltr'>leitionurn&#39;</span> <span class='ocrx_word' id='word_1_90' title='bbox 807 3278 1143 3356; x_wconf 82' lang='lat' dir='ltr'>commemoratione</span> <span class='ocrx_word' id='word_1_91' title='bbox 1171 3305 1211 3356; x_wconf 90' lang='lat' dir='ltr'>ae</span> 
     </span>
     <span class='ocr_line' id='line_1_17' title="bbox 194 3404 1210 3510; baseline 0.002 -28"><span class='ocrx_word' id='word_1_92' title='bbox 194 3406 325 3510; x_wconf 72' lang='lat' dir='ltr'>judicio</span> <span class='ocrx_word' id='word_1_93' title='bbox 356 3404 529 3501; x_wconf 85' lang='lat' dir='ltr'>diligentia</span> <span class='ocrx_word' id='word_1_94' title='bbox 557 3404 694 3503; x_wconf 87' lang='lat' dir='ltr'>quidem</span> <span class='ocrx_word' id='word_1_95' title='bbox 729 3425 807 3498; x_wconf 88' lang='lat' dir='ltr'>est,</span> <span class='ocrx_word' id='word_1_96' title='bbox 844 3404 901 3482; x_wconf 84' lang='lat' dir='ltr'>sed</span> <span class='ocrx_word' id='word_1_97' title='bbox 926 3405 1064 3483; x_wconf 86' lang='lat' dir='ltr'>obscura</span> <span class='ocrx_word' id='word_1_98' title='bbox 1091 3409 1144 3484; x_wconf 85' lang='lat' dir='ltr'>illa</span> <span class='ocrx_word' id='word_1_99' title='bbox 1170 3407 1210 3484; x_wconf 76' lang='lat' dir='ltr'>dt</span> 
     </span>
     <span class='ocr_line' id='line_1_18' title="bbox 190 3529 1213 3633; baseline 0.001 -23.006"><span class='ocrx_word' id='word_1_100' title='bbox 190 3531 299 3610; x_wconf 80' lang='lat' dir='ltr'>nimis</span> <span class='ocrx_word' id='word_1_101' title='bbox 320 3529 489 3621; x_wconf 75' lang='lat' dir='ltr'>rerbob,</span> <span class='ocrx_word' id='word_1_102' title='bbox 521 3554 607 3627; x_wconf 87' lang='lat' dir='ltr'>quae</span> <span class='ocrx_word' id='word_1_103' title='bbox 632 3531 669 3611; x_wconf 79' lang='lat' dir='ltr'>dr</span> <span class='ocrx_word' id='word_1_104' title='bbox 693 3533 881 3633; x_wconf 77' lang='lat' dir='ltr'>legentibus</span> <span class='ocrx_word' id='word_1_105' title='bbox 895 3534 1043 3612; x_wconf 88' lang='lat' dir='ltr'>taedium</span> <span class='ocrx_word' id='word_1_106' title='bbox 1058 3534 1213 3628; x_wconf 84' lang='lat' dir='ltr'>adferat,</span> 
     </span>
     <span class='ocr_line' id='line_1_19' title="bbox 199 3653 1211 3762; baseline -0.005 -24"><span class='ocrx_word' id='word_1_107' title='bbox 199 3659 242 3738; x_wconf 72' lang='lat' dir='ltr'>di</span> <span class='ocrx_word' id='word_1_108' title='bbox 265 3658 346 3735; x_wconf 90' lang='lat' dir='ltr'>libri</span> <span class='ocrx_word' id='word_1_109' title='bbox 369 3653 492 3731; x_wconf 82' lang='lat' dir='ltr'>rirolein</span> <span class='ocrx_word' id='word_1_110' title='bbox 512 3676 646 3756; x_wconf 91' lang='lat' dir='ltr'>praeter</span> <span class='ocrx_word' id='word_1_111' title='bbox 677 3661 814 3737; x_wconf 88' lang='lat' dir='ltr'>modurn</span> <span class='ocrx_word' id='word_1_112' title='bbox 852 3682 983 3762; x_wconf 81' lang='lat' dir='ltr'>augeat</span> <span class='ocrx_word' id='word_1_113' title='bbox 1044 3663 1211 3754; x_wconf 88' lang='lat' dir='ltr'>Deinde,</span> 
     </span>
     <span class='ocr_line' id='line_1_20' title="bbox 195 3785 1211 3884; baseline -0.004 -18"><span class='ocrx_word' id='word_1_114' title='bbox 195 3787 426 3866; x_wconf 65' lang='lat' dir='ltr'>&#39;comediionet</span> <span class='ocrx_word' id='word_1_115' title='bbox 446 3808 491 3861; x_wconf 81' lang='lat' dir='ltr'>ex</span> <span class='ocrx_word' id='word_1_116' title='bbox 513 3785 650 3884; x_wconf 82' lang='lat' dir='ltr'>ingenio</span> <span class='ocrx_word' id='word_1_117' title='bbox 674 3785 894 3881; x_wconf 72' lang='lat' dir='ltr'>dotirinaque</span> <span class='ocrx_word' id='word_1_118' title='bbox 919 3788 1115 3884; x_wconf 82' lang='lat' dir='ltr'>infigniores</span> <span class='ocrx_word' id='word_1_119' title='bbox 1140 3788 1211 3861; x_wconf 90' lang='lat' dir='ltr'>nul·</span> 
     </span>
     <span class='ocr_line' id='line_1_21' title="bbox 199 3909 1214 4010; baseline -0.001 -22"><span class='ocrx_word' id='word_1_120' title='bbox 199 3914 246 3988; x_wconf 79' lang='lat' dir='ltr'>lat</span> <span class='ocrx_word' id='word_1_121' title='bbox 265 3929 458 4010; x_wconf 83' lang='lat' dir='ltr'>expromtas</span> <span class='ocrx_word' id='word_1_122' title='bbox 481 3909 579 3997; x_wconf 85' lang='lat' dir='ltr'>esse,</span> <span class='ocrx_word' id='word_1_123' title='bbox 604 3909 665 3983; x_wconf 87' lang='lat' dir='ltr'>etfi</span> <span class='ocrx_word' id='word_1_124' title='bbox 684 3911 719 3984; x_wconf 91' lang='lat' dir='ltr'>in</span> <span class='ocrx_word' id='word_1_125' title='bbox 744 3909 833 3983; x_wconf 87' lang='lat' dir='ltr'>vitio</span> <span class='ocrx_word' id='word_1_126' title='bbox 861 3935 929 3985; x_wconf 89' lang='lat' dir='ltr'>non</span> <span class='ocrx_word' id='word_1_127' title='bbox 952 3912 1127 4010; x_wconf 86' lang='lat' dir='ltr'>ponimus,</span> <span class='ocrx_word' id='word_1_128' title='bbox 1163 3932 1214 3987; x_wconf 87' lang='lat' dir='ltr'>ta·</span> 
     </span>
     <span class='ocr_line' id='line_1_22' title="bbox 202 4035 1214 4141; baseline -0.003 -27"><span class='ocrx_word' id='word_1_129' title='bbox 202 4060 279 4114; x_wconf 91' lang='lat' dir='ltr'>men</span> <span class='ocrx_word' id='word_1_130' title='bbox 307 4038 342 4112; x_wconf 95' lang='lat' dir='ltr'>in</span> <span class='ocrx_word' id='word_1_131' title='bbox 365 4035 461 4111; x_wconf 91' lang='lat' dir='ltr'>laude</span> <span class='ocrx_word' id='word_1_132' title='bbox 483 4057 611 4133; x_wconf 91' lang='lat' dir='ltr'>ponere</span> <span class='ocrx_word' id='word_1_133' title='bbox 643 4058 710 4109; x_wconf 91' lang='lat' dir='ltr'>non</span> <span class='ocrx_word' id='word_1_134' title='bbox 734 4036 917 4134; x_wconf 82' lang='lat' dir='ltr'>possumus.</span> <span class='ocrx_word' id='word_1_135' title='bbox 968 4040 1073 4113; x_wconf 89' lang='lat' dir='ltr'>Porro</span> <span class='ocrx_word' id='word_1_136' title='bbox 1096 4042 1214 4141; x_wconf 60' lang='lat' dir='ltr'>vulgae</span> 
     </span>
     <span class='ocr_line' id='line_1_23' title="bbox 207 4160 1215 4261; baseline 0.001 -22"><span class='ocrx_word' id='word_1_137' title='bbox 207 4176 283 4256; x_wconf 88' lang='lat' dir='ltr'>tae,</span> <span class='ocrx_word' id='word_1_138' title='bbox 295 4162 448 4261; x_wconf 88' lang='lat' dir='ltr'>quamvis</span> <span class='ocrx_word' id='word_1_139' title='bbox 464 4177 661 4255; x_wconf 87' lang='lat' dir='ltr'>corruptae,</span> <span class='ocrx_word' id='word_1_140' title='bbox 684 4160 836 4234; x_wconf 88' lang='lat' dir='ltr'>tenacior</span> <span class='ocrx_word' id='word_1_141' title='bbox 854 4183 907 4237; x_wconf 90' lang='lat' dir='ltr'>est</span> <span class='ocrx_word' id='word_1_142' title='bbox 924 4164 1044 4239; x_wconf 86' lang='lat' dir='ltr'>Editor</span> <span class='ocrx_word' id='word_1_143' title='bbox 1055 4190 1066 4256; x_wconf 87' lang='lat'>3</span> <span class='ocrx_word' id='word_1_144' title='bbox 1077 4186 1115 4239; x_wconf 95' lang='lat' dir='ltr'>ut</span> <span class='ocrx_word' id='word_1_145' title='bbox 1130 4166 1215 4240; x_wconf 88' lang='lat' dir='ltr'>mul·</span> 
     </span>
     <span class='ocr_line' id='line_1_24' title="bbox 205 4283 1214 4391; baseline 0.004 -27"><span class='ocrx_word' id='word_1_146' title='bbox 205 4298 256 4367; x_wconf 74' lang='lat' dir='ltr'>tae</span> <span class='ocrx_word' id='word_1_147' title='bbox 294 4308 415 4385; x_wconf 85' lang='lat' dir='ltr'>easque</span> <span class='ocrx_word' id='word_1_148' title='bbox 452 4283 566 4357; x_wconf 80' lang='lat' dir='ltr'>felices</span> <span class='ocrx_word' id='word_1_149' title='bbox 598 4289 733 4361; x_wconf 90' lang='lat' dir='ltr'>Mureti</span> <span class='ocrx_word' id='word_1_150' title='bbox 765 4289 975 4386; x_wconf 72' lang='lat' dir='ltr'>conjetturas</span> <span class='ocrx_word' id='word_1_151' title='bbox 1001 4292 1214 4391; x_wconf 79' lang='lat' dir='ltr'>repudiaret.</span> 
     </span>
    </p>

    <p class='ocr_par' dir='ltr' id='par_1_3' title="bbox 202 4409 1221 5370">
     <span class='ocr_line' id='line_1_25' title="bbox 207 4409 1217 4523; baseline 0 -32"><span class='ocrx_word' id='word_1_152' title='bbox 207 4418 322 4503; x_wconf 84' lang='lat' dir='ltr'>idem,</span> <span class='ocrx_word' id='word_1_153' title='bbox 346 4433 484 4496; x_wconf 81' lang='lat' dir='ltr'>contra,</span> <span class='ocrx_word' id='word_1_154' title='bbox 508 4411 669 4481; x_wconf 71' lang='lat' dir='ltr'>iciliones</span> <span class='ocrx_word' id='word_1_155' title='bbox 692 4409 817 4481; x_wconf 88' lang='lat' dir='ltr'>codicis</span> <span class='ocrx_word' id='word_1_156' title='bbox 841 4417 1119 4523; x_wconf 57' lang='lat' dir='ltr'>Guelfprbytani‚</span> <span class='ocrx_word' id='word_1_157' title='bbox 1144 4438 1217 4491; x_wconf 86' lang='lat' dir='ltr'>mo·</span> 
     </span>
     <span class='ocr_line' id='line_1_26' title="bbox 206 4528 1216 4617; baseline 0 0"><span class='ocrx_word' id='word_1_158' title='bbox 206 4541 256 4616; x_wconf 92' lang='lat' dir='ltr'>do</span> <span class='ocrx_word' id='word_1_159' title='bbox 273 4559 341 4612; x_wconf 91' lang='lat' dir='ltr'>non</span> <span class='ocrx_word' id='word_1_160' title='bbox 363 4536 425 4607; x_wconf 86' lang='lat' dir='ltr'>lrnt</span> <span class='ocrx_word' id='word_1_161' title='bbox 452 4528 632 4604; x_wconf 88' lang='lat' dir='ltr'>manifesto</span> <span class='ocrx_word' id='word_1_162' title='bbox 656 4529 772 4616; x_wconf 83' lang='lat' dir='ltr'>salsae,</span> <span class='ocrx_word' id='word_1_163' title='bbox 798 4531 951 4604; x_wconf 87' lang='lat' dir='ltr'>lubenter</span> <span class='ocrx_word' id='word_1_164' title='bbox 973 4537 1008 4607; x_wconf 93' lang='lat' dir='ltr'>in</span> <span class='ocrx_word' id='word_1_165' title='bbox 1030 4541 1216 4617; x_wconf 87' lang='lat' dir='ltr'>orationem</span> 
     </span>
     <span class='ocr_line' id='line_1_27' title="bbox 202 4654 1216 4762; baseline 0.002 -26"><span class='ocrx_word' id='word_1_166' title='bbox 202 4663 340 4762; x_wconf 65' lang='lat' dir='ltr'>recipit,</span> <span class='ocrx_word' id='word_1_167' title='bbox 392 4663 578 4745; x_wconf 85' lang='lat' dir='ltr'>Ceterum,</span> <span class='ocrx_word' id='word_1_168' title='bbox 610 4677 654 4728; x_wconf 93' lang='lat' dir='ltr'>ne</span> <span class='ocrx_word' id='word_1_169' title='bbox 675 4656 749 4755; x_wconf 89' lang='lat' dir='ltr'>quis</span> <span class='ocrx_word' id='word_1_170' title='bbox 766 4654 908 4730; x_wconf 86' lang='lat' dir='ltr'>nostram</span> <span class='ocrx_word' id='word_1_171' title='bbox 929 4659 1216 4754; x_wconf 78' lang='lat' dir='ltr'>reprehensionem</span> 
     </span>
     <span class='ocr_line' id='line_1_28' title="bbox 210 4764 1221 4894; baseline -0.009 -27"><span class='ocrx_word' id='word_1_172' title='bbox 210 4789 365 4894; x_wconf 77' lang='lat' dir='ltr'>perverse</span> <span class='ocrx_word' id='word_1_173' title='bbox 385 4783 549 4884; x_wconf 85' lang='lat' dir='ltr'>aceipiat,</span> <span class='ocrx_word' id='word_1_174' title='bbox 580 4783 799 4876; x_wconf 86' lang='lat' dir='ltr'>affirmamus,</span> <span class='ocrx_word' id='word_1_175' title='bbox 823 4787 967 4861; x_wconf 89' lang='lat' dir='ltr'>multum</span> <span class='ocrx_word' id='word_1_176' title='bbox 992 4764 1081 4864; x_wconf 75' lang='lat' dir='ltr'>halle</span> <span class='ocrx_word' id='word_1_177' title='bbox 1102 4795 1221 4875; x_wconf 72' lang='lat' dir='ltr'>attio.</span> 
     </span>
     <span class='ocr_line' id='line_1_29' title="bbox 214 4908 1218 5012; baseline -0.003 -22"><span class='ocrx_word' id='word_1_178' title='bbox 214 4940 292 4991; x_wconf 87' lang='lat' dir='ltr'>nem</span> <span class='ocrx_word' id='word_1_179' title='bbox 314 4913 469 4989; x_wconf 87' lang='lat' dir='ltr'>utilitatis</span> <span class='ocrx_word' id='word_1_180' title='bbox 488 4911 634 5001; x_wconf 87' lang='lat' dir='ltr'>habere,</span> <span class='ocrx_word' id='word_1_181' title='bbox 656 4908 695 4986; x_wconf 80' lang='lat' dir='ltr'>dt</span> <span class='ocrx_word' id='word_1_182' title='bbox 717 4914 978 5012; x_wconf 72' lang='lat' dir='ltr'>profeiiioribus</span> <span class='ocrx_word' id='word_1_183' title='bbox 1007 4916 1218 5003; x_wconf 59' lang='lat' dir='ltr'>ad&#39;reminist</span> 
     </span>
     <span class='ocr_line' id='line_1_30' title="bbox 208 5037 1220 5140; baseline 0.004 -21"><span class='ocrx_word' id='word_1_184' title='bbox 208 5042 359 5120; x_wconf 87' lang='lat' dir='ltr'>&#39;cendum</span> <span class='ocrx_word' id='word_1_185' title='bbox 377 5084 389 5127; x_wconf 91' lang='lat'>,·</span> <span class='ocrx_word' id='word_1_186' title='bbox 420 5039 459 5115; x_wconf 73' lang='grc' dir='ltr'>ἃ</span> <span class='ocrx_word' id='word_1_187' title='bbox 481 5037 646 5114; x_wconf 87' lang='lat' dir='ltr'>tironibus</span> <span class='ocrx_word' id='word_1_188' title='bbox 663 5040 706 5114; x_wconf 88' lang='lat' dir='ltr'>ad</span> <span class='ocrx_word' id='word_1_189' title='bbox 734 5045 1002 5140; x_wconf 86' lang='lat' dir='ltr'>cognoscendam</span> <span class='ocrx_word' id='word_1_190' title='bbox 1014 5046 1153 5127; x_wconf 79' lang='lat' dir='ltr'>Atticae</span> <span class='ocrx_word' id='word_1_191' title='bbox 1170 5052 1220 5124; x_wconf 86' lang='lat' dir='ltr'>dl·</span> 
     </span>
     <span class='ocr_line' id='line_1_31' title="bbox 217 5162 1220 5275; baseline -0.001 -32"><span class='ocrx_word' id='word_1_192' title='bbox 217 5162 337 5244; x_wconf 72' lang='lat' dir='ltr'>ettonis</span> <span class='ocrx_word' id='word_1_193' title='bbox 368 5162 408 5241; x_wconf 78' lang='lat' dir='ltr'>dr</span> <span class='ocrx_word' id='word_1_194' title='bbox 439 5166 707 5263; x_wconf 86' lang='lat' dir='ltr'>Xenophonteae</span> <span class='ocrx_word' id='word_1_195' title='bbox 740 5169 993 5251; x_wconf 75' lang='lat' dir='ltr'>construetionis</span> <span class='ocrx_word' id='word_1_196' title='bbox 1035 5178 1220 5275; x_wconf 84' lang='lat' dir='ltr'>proprieta-</span> 
     </span>
     <span class='ocr_line' id='line_1_32' title="bbox 217 5314 298 5370; baseline 0.025 -2"><span class='ocrx_word' id='word_1_197' title='bbox 217 5314 298 5370; x_wconf 83' lang='lat' dir='ltr'>tent.</span> 
     </span>
    </p>
   </div>
   <div class='ocr_carea' id='block_1_3' title="bbox 710 5404 1227 5495">
    <p class='ocr_par' dir='ltr' id='par_1_4' title="bbox 710 5404 1227 5495">
     <span class='ocr_line' id='line_1_33' title="bbox 710 5404 1227 5495; baseline 0.008 -4"><span class='ocrx_word' id='word_1_198' title='bbox 710 5416 729 5491; x_wconf 88' lang='lat'>1</span> <span class='ocrx_word' id='word_1_199' title='bbox 753 5440 775 5493; x_wconf 76' lang='lat' dir='ltr'>n</span> <span class='ocrx_word' id='word_1_200' title='bbox 1087 5404 1227 5495; x_wconf 61' lang='lat' dir='ltr'>XVIII}</span> 
     </span>
    </p>
   </div>
   <div class='ocr_carea' id='block_1_4' title="bbox 1198 5670 1304 5719">
    <p class='ocr_par' dir='ltr' id='par_1_5' title="bbox 1198 5670 1304 5719">
     <span class='ocr_line' id='line_1_34' title="bbox 1198 5670 1304 5719; baseline 0 0"><span class='ocrx_word' id='word_1_201' title='bbox 1198 5670 1304 5719; x_wconf 60' lang='lat'>⁴—</span> 
     </span>
    </p>
   </div>
   <div class='ocr_carea' id='block_1_5' title="bbox 0 0 1454 7095">
    <p class='ocr_par' dir='ltr' id='par_1_6' title="bbox 0 0 1454 7095">
     <span class='ocr_line' id='line_1_35' title="bbox 0 0 1454 7095; baseline 0 0"><span class='ocrx_word' id='word_1_202' title='bbox 0 0 1454 7095; x_wconf 95' lang='lat' dir='ltr'> </span> 
     </span>
    </p>
   </div>
  </div>
 </body>
</html>
