2900 7100
353 1747 748 1827 RELATIONES
777 1744 1119 1870 BssssvloREs
1175 1774 1244 1831 101

240 2048 445 2143 profitetur,
469 2047 503 2119 se
533 2048 740 2138 cantilenas,
766 2064 885 2119 vetere
905 2048 1098 2121 Teutonici
1124 2047 1235 2145 lingua

238 2172 393 2267 scriptas,
424 2194 468 2244 ex
491 2172 609 2244 codiee
638 2172 733 2265 regio
759 2170 948 2260 Parifienli,
974 2194 1043 2267 quo
1073 2192 1172 2246 antea
1196 2171 1232 2247 in

236 2291 527 2369 Paraeneticorum
573 2292 722 2364 editione
746 2291 823 2363 usus
857 2289 974 2363 fuisset
1016 2294 1230 2387 Goldastus,

234 2416 423 2502 editurum,
441 2392 571 2509 adjeiio
593 2414 742 2488 Elencho
757 2416 957 2488 summorum
971 2414 1120 2493 virorum
1137 2441 1228 2513 139,

151 2560 154 2565 ’
232 2542 290 2637 qui
321 2541 406 2615 haec
435 2539 578 2612 carmina
603 2538 764 2610 modulati
790 2539 910 2612 essent.
965 2541 1023 2615 Do
1053 2539 1121 2614 hoc
1142 2541 1227 2615 libro

229 2668 475 2742 cantilenarum
496 2683 610 2735 notam
628 2660 768 2758 subjecit
784 2662 920 2738 Editor:
946 2720 972 2757 „
987 2664 1225 2765 Praestiterunt

233 2848 258 2882 ‚,
282 2792 350 2866 hoc
376 2790 492 2865 summi
523 2787 587 2861 viri
616 2786 860 2888 (Breitingerus
881 2788 922 2865 δι
945 2788 1146 2888 Bodmerus)
1173 2793 1220 2868 A.

225 2971 251 3007 „
280 2924 390 3012 1758,
414 2915 494 2988 dum
520 2938 597 2989 eum
617 2916 768 2989 codicem
791 2914 921 2989 duobos
946 2915 1169 2991 voluminibus
1184 2913 1221 2990 iu
1348 2957 1351 2966 ·

117 3118 134 3144 ·.
226 3096 250 3133 ,‚
275 3060 330 3132 4·0
346 3038 449 3113 literis
469 3040 642 3116 Orellianis
656 3039 844 3114 ediderunt.
879 3039 947 3113 Sed
963 3064 1033 3115 non
1047 3036 1218 3135 respondit

223 3217 249 3254 ‚,
268 3163 466 3259 justisfimae
488 3161 731 3258 exspeliationi
752 3165 878 3239 exitus.
929 3167 1028 3239 Adeo
1045 3164 1134 3237 enim
1150 3184 1219 3236 non
1331 3264 1337 3270 ι

222 3343 247 3379 ,,
274 3287 340 3360 fuit
363 3309 402 3361 ea
426 3310 528 3384 opera
549 3287 590 3360 ad
615 3287 760 3384 palatum
786 3287 1047 3374 Germanorum,
1073 3285 1131 3381 qui
1149 3286 1217 3355 ele·

221 3465 247 3504 ,‚
270 3431 389 3509 gantes
409 3410 516 3485 videri
544 3412 723 3502 volebant,
757 3433 795 3486 ut
807 3412 1000 3511 paucissima
1015 3408 1216 3506 exemplaria

217 3592 242 3632 „
267 3556 413 3610 emtores
437 3534 627 3610 invenerint
651 3537 761 3615 adhuc
777 3590 797 3629 ,-
829 3563 894 3614 nec
924 3539 969 3614 illi
994 3536 1054 3635 ipli
1078 3533 1212 3633 antiqua

213 3715 238 3754 ‚,
263 3662 347 3736 haec
378 3658 522 3736 carmina
545 3661 640 3734 nosse
664 3661 869 3754 videantur,
894 3663 952 3762 qui
977 3661 1208 3759 Antiquitates

205 3824 236 3877 ·‚,
262 3787 475 3862 Germanicas
495 3785 619 3882 ubique
632 3788 804 3882 crepant.’'
839 3787 905 3860 .V.
930 3792 1044 3858 Oratio
1052 3783 1219 3884 ‚Profess

203 3910 302 4008 fionis
328 3915 531 4007 Eloquentiae
551 3914 706 3982 adeundae
732 3908 1035 4005 causso‚d1·oaal.
1062 3917 1100 4000 J.
1124 3911 1206 3999 Jac.

204 4038 414 4126 Honingcro,
442 4038 483 4106 A.
504 4056 607 4127 1774.
632 4034 880 4151 Argulqentum
902 4031 950 4106 est
966 4032 1011 4105 de
1031 4034 1148 4110 caussis
1164 4033 1203 4113 δι
1347 4056 1353 4073 ·

206 4156 298 4232 resta
325 4158 455 4231 ratione
477 4161 707 4260 eloquentiae:
733 4160 914 4260 explicatio
938 4159 1102 4256 ejusmodi
1121 4179 1200 4248 est,

203 4300 243 4355 ut
268 4280 459 4355 dubitemus
481 4302 603 4358 ‘utrum
624 4289 667 4359 ab
689 4281 900 4381 eloqlientiue
933 4287 1037 4386 magis
1061 4284 1201 4367 scientia

201 4428 243 4478 an
267 4405 450 4495 facultate,
475 4410 662 4482 Auilorem
677 4410 861 4487 laudemus.
910 4415 976 4490 Vl.
1001 4417 1148 4512 Epistola
1162 4415 1199 4484 de

201 4533 294 4601 rebus
318 4534 360 4598 od
384 4534 565 4603 Labadiam
597 4537 848 4628 pertinentibus,
872 4539 914 4606 ad
943 4538 1001 4628 Jo.
1028 4542 1197 4611 Henricum

201 4652 455 4747 Heideggoum,
476 4654 510 4729 S.
538 4654 571 4724 T
564 4657 644 4729 leol.
671 4659 715 4730 D.
735 4657 776 4739 ἐξ
799 4665 832 4729 in
850 4660 1015 4753 Gymnojio
1035 4656 1196 4751 Turicenfi

197 4777 335 4871 ejusdem
354 4780 425 4849 olim
443 4778 533 4872 Prcff.
550 4807 590 4855 ex
604 4783 732 4851 schedis
753 4784 1010 4875 Holtingerionis
1026 4781 1193 4879 descripta.

196 4900 377 4998 Scriptoris
406 4923 530 4978 nomen
560 4905 746 5002 subjeilum
776 4926 847 4982 est:
896 4910 934 4982 Ρ.
954 4909 1193 5007 Hachenberg.

195 5026 415 5123 0snabrugae
440 5040 544 5126 1671.
594 5033 743 5131 scriptio
766 5053 903 5107 nonest
928 5034 1192 5127 contemnenda,

195 5165 238 5221 ut
255 5153 413 5244 probabili
439 5156 597 5230 orationis
621 5160 795 5252 bonitate,
818 5159 866 5234 ita
888 5157 1076 5238 festivitate
1097 5144 1194 5257 arguss

196 5273 331 5370 menti,
365 5278 456 5376 quod
483 5298 535 5356 est
560 5281 604 5357 de
629 5283 797 5361 Labadiae
821 5287 1083 5367 commo-atione
1105 5281 1196 5417 apui
1348 5376 1353 5387 Ι
