2900 7100
311 1673 514 1856 ιιιιι
556 1714 717 1805 nom
755 1728 839 1803 nn.
873 1725 1040 1834 nan.
1117 1705 1181 1856 '24

179 1897 226 1978 ἂ
249 1921 410 2017 quaenam
435 1902 621 2003 Fogginii
610 1928 645 1976 ιιι
666 1927 731 1993 ιο,
757 1926 833 1977 cum
856 1924 877 1974 e
902 1920 989 1975 ιιιιι
1010 1901 1182 2003 emendo,

187 1993 267 2127 ium
294 2022 378 2103 vero
408 2029 510 2105 etiam
545 2029 752 2117 illustrando,
781 2048 894 2126 partes
923 2026 1070 2158 fuerint,
1102 2050 1185 2125 age,

182 2153 284 2256 paulo
305 2155 492 2230 accuratius
512 2180 730 2252 exponamus.
1169 2221 1173 2235 ,

189 2262 302 2354 Et
299 2283 442 2373 primum
466 2276 620 2374 quidem,
645 2302 722 2350 cum
747 2281 925 2376 Praeneste
945 2278 1185 2374 prope-forum

185 2388 403 2479 nobilissimae
425 2398 656 2477 Romanorum
678 2402 828 2475 coloniae
849 2459 858 2480 ,
897 2402 1069 2497 ipsumque
1094 2383 1186 2492 Palat-¹

188 2526 275 2625 tium
304 2528 519 2618 Caesareum,
552 2529 609 2602 ubi
639 2529 816 2623 Augustus
840 2523 879 2602 dt
908 2525 1067 2597 Tiberius
1088 2528 1189 2601 rusti·
1274 2588 1275 2591 ,

187 2650 258 2727 cari
293 2650 466 2745 solebant,
497 2652 536 2729 dr
559 2677 701 2768 quorum
724 2635 896 2747 supersunt
928 2649 1090 2771 quaedam
1114 2650 1189 2756 reli·-

187 2769 313 2873 quiae,
340 2800 416 2853 cum
441 2803 523 2877 ergo
549 2779 655 2853 frusta
680 2763 786 2876 aliqua
809 2800 1064 2852 marmorearum
1090 2780 1187 2859 tabu·
1280 2767 1289 2786 ’

177 2877 330 2979 iarum
319 2928 354 2977 ιιι
380 2928 461 3002 agro
484 2906 699 2980 Praenestino
722 2908 798 2980 calu
830 2906 1016 3004 quodam
1006 2930 1040 2979 ιιι
1075 2908 1187 2983 lucem

164 3031 407 3147 ¹prodierant,
437 3051 516 3104 mox
544 3032 579 3106 in
607 3031 693 3104 hanc
722 3009 812 3131 spem
844 3031 941 3122 venit
966 3029 1014 3104 Cl.
1037 3029 1193 3122 Editor,

187 3154 324 3230 tandem
349 3156 523 3252 aliquando
544 3149 717 3240 detedium
741 3156 811 3225 esse
836 3155 972 3242 locum,
1003 3178 1073 3255 quo
1097 3154 1190 3273 laeti

187 3303 208 3362 a
229 3281 355 3359 Verrio
381 3282 502 3354 Flacco
523 3278 600 3352 olim
625 3278 707 3352 editi
730 3277 973 3351 delitescerent
1016 3277 1134 3352 Nec'
1118 3267 1190 3373 Jatn

182 3406 282 3505 spes,
305 3406 362 3481 sed
388 3424 550 3478 certares
576 3422 665 3509 erat
701 3403 873 3478 camillae
897 3425 1097 3478 marmorum
1118 3427 1195 3510 parf
1242 3481 1248 3490 ,

187 3531 312 3607 riculae
337 3529 435 3627 jurta
461 3531 614 3628 reliquias
650 3533 820 3629 cujusdam
845 3528 1013 3620 aedificii,
1046 3530 1189 3629 figuram

186 3646 473 3732 semicircularem'
490 3655 686 3745 referentis,
719 3676 871 3751 repertae
903 3645 1022 3733 essent.
1070 3644 1189 3739 linim-¹
1264 3704 1268 3713 ·

185 3805 272 3857 vero
292 3783 359 3856 hoc
382 3783 451 3855 esse
474 3781 697 3875 hemicyclum
723 3804 742 3850 a
766 3780 932 3852 Suetonio
956 3783 1190 3879 designatum,

183 3910 258 4009 quis
283 3935 349 3983 non
379 3908 558 3982 crederet?
596 3905 685 3974 ilinc
712 3901 904 3995 operariisa
928 3905 1058 3999 Joanne
1084 3900 1192 4013 Fram¹

186 4035 278 4107 cisco
302 4028 514 4121 Stuppanio,
548 4026 636 4100 Viro
666 4026 962 4118 Eminentissrmo,
988 4031 1086 4129 amici
1117 4033 1190 4107 stu·

184 4154 279 4229 dium
301 4151 560 4253 &diligentiam
582 4153 781 4248 adjuvante,
804 4151 968 4244 admotis,
987 4180 1067 4230 mox
1099 4156 1196 4232 effa-⁴

188 4284 327 4359 diuntur
357 4263 559 4353 marmoreae
598 4280 768 4352 Fastorum
800 4280 913 4355 Verrii
946 4283 1077 4356 tabulae
1107 4286 1192 4380 qua-J

183 4429 284 4496 tuor,
312 4409 528 4500 januarium,
555 4405 740 4493 Martium,
768 4407 939 4501 Aprilem,
966 4407 1005 4482 dc
1035 4380 1190 4484 Decemss

185 4535 282 4610 brem
311 4530 522 4614 referentes,
557 4550 620 4599 nec
651 4527 723 4598 illae
753 4543 892 4615 tamen,
925 4532 1014 4625 quod
1042 4534 1191 4626 maxime.

185 4654 389 4743 dolendum,
421 4653 596 4749 integrae,
623 4648 678 4722 sed
709 4652 910 4744 intercisae,
936 4655 1112 4745 corrosae,
1147 4655 1187 4741 ἃ

185 4778 221 4861 in
245 4780 369 4870 frusta,
398 4803 475 4853 cum
498 4798 739 4860 ινιιιιιιιιι
768 4780 972 4866 mortuina,
997 4773 1189 4861 diffraclae.
1250 4851 1253 4856 .

186 4909 282 5013 Quid
306 4932 387 5004 ergo
407 4907 433 4978 F
434 4907 621 5004 oggrmus‘?
646 4905 781 5000 Singula
804 4904 1013 5006 digererem
1035 4909 1182 4991 animum

185 5035 377 5112 inducens.
418 5034 596 5109 minutiora
630 5052 784 5133 quaeque
828 5033 934 5108 frusta
972 5035 1007 5110 in
1041 5053 1184 5135 quatuor

182 5159 306 5257 ligneis
337 5161 455 5256 caplis,
486 5160 558 5256 ejus
582 5161 764 5238 altitudinis
789 5182 830 5234 ac
855 5161 1056 5257 latitudinis,
1090 5190 1143 5257 cuj
1136 5165 1186 5241 ul

183 5304 322 5441 ueteres
347 5285 463 5417 luisse
479 5309 678 5414 mammeae
710 5289 852 5377 tabulae
866 5310 910 5375 ιι
931 5288 1007 5392 ipsss
1031 5280 1188 5482 superque

1092 5424 1126 5526 ll
1144 5419 1187 5505 uq
