<?xml version="1.0" encoding="UTF-8"?>
<!DOCTYPE html PUBLIC "-//W3C//DTD XHTML 1.0 Transitional//EN"
    "http://www.w3.org/TR/xhtml1/DTD/xhtml1-transitional.dtd">
<html xmlns="http://www.w3.org/1999/xhtml" xml:lang="en" lang="en">
 <head>
  <title>
</title>
<meta http-equiv="Content-Type" content="text/html;charset=utf-8" />
  <meta name='ocr-system' content='tesseract 3.04.00' />
  <meta name='ocr-capabilities' content='ocr_page ocr_carea ocr_par ocr_line ocrx_word'/>
</head>
<body>
  <div class='ocr_page' id='page_1' title='image "./bibliotecacriti01wyttgoog_0441.png"; bbox 0 0 2900 7100; ppageno 0'>
   <div class='ocr_carea' id='block_1_1' title="bbox 267 1705 1324 1868">
    <p class='ocr_par' dir='ltr' id='par_1_1' title="bbox 267 1705 1324 1868">
     <span class='ocr_line' id='line_1_1' title="bbox 267 1705 1324 1868; baseline -0.02 -43"><span class='ocrx_word' id='word_1_1' title='bbox 267 1750 347 1844; x_wconf 61' lang='lat' dir='ltr'><strong>unt</strong></span> <span class='ocrx_word' id='word_1_2' title='bbox 363 1742 550 1841; x_wconf 70' lang='lat' dir='ltr'><strong>autaut&lt;</strong></span> <span class='ocrx_word' id='word_1_3' title='bbox 579 1743 648 1868; x_wconf 71' lang='lat' dir='ltr'><strong>qr</strong></span> <span class='ocrx_word' id='word_1_4' title='bbox 665 1705 1140 1830; x_wconf 58' lang='lat' dir='ltr'><strong>arusu&#39;unrsrscirr.</strong></span> <span class='ocrx_word' id='word_1_5' title='bbox 1168 1755 1212 1815; x_wconf 82' lang='lat' dir='ltr'><strong>tt</strong></span> <span class='ocrx_word' id='word_1_6' title='bbox 1317 1763 1324 1804; x_wconf 58' lang='grc' dir='ltr'>ι</span> 
     </span>
    </p>
   </div>
   <div class='ocr_carea' id='block_1_2' title="bbox 211 1911 1274 3144">
    <p class='ocr_par' dir='ltr' id='par_1_2' title="bbox 211 1911 1274 3144">
     <span class='ocr_line' id='line_1_2' title="bbox 211 1911 1216 2025; baseline -0.011 -27"><span class='ocrx_word' id='word_1_7' title='bbox 211 1922 411 2021; x_wconf 61' lang='lat' dir='ltr'><strong>ardentibus</strong></span> <span class='ocrx_word' id='word_1_8' title='bbox 433 1941 533 1992; x_wconf 89' lang='lat' dir='ltr'><strong>manu</strong></span> <span class='ocrx_word' id='word_1_9' title='bbox 551 1918 678 2010; x_wconf 79' lang='lat' dir='ltr'><strong>facibus</strong></span> <span class='ocrx_word' id='word_1_10' title='bbox 697 1934 817 1988; x_wconf 86' lang='lat' dir='ltr'><strong>terram</strong></span> <span class='ocrx_word' id='word_1_11' title='bbox 838 1913 993 2001; x_wconf 81' lang='lat' dir='ltr'><strong>oberrans</strong></span> <span class='ocrx_word' id='word_1_12' title='bbox 1011 1935 1078 2025; x_wconf 69' lang='lat' dir='ltr'><strong>per⁸</strong></span> <span class='ocrx_word' id='word_1_13' title='bbox 1091 1911 1216 1998; x_wconf 70' lang='lat' dir='ltr'><strong>noret</strong></span> 
     </span>
     <span class='ocr_line' id='line_1_3' title="bbox 215 2025 1216 2146; baseline -0.009 -25"><span class='ocrx_word' id='word_1_14' title='bbox 215 2049 321 2146; x_wconf 64' lang='lat' dir='ltr'><strong>diest,</strong></span> <span class='ocrx_word' id='word_1_15' title='bbox 332 2045 463 2140; x_wconf 75' lang='lat' dir='ltr'><strong>deqimo</strong></span> <span class='ocrx_word' id='word_1_16' title='bbox 479 2027 519 2119; x_wconf 88' lang='lat' dir='ltr'><strong>ei</strong></span> <span class='ocrx_word' id='word_1_17' title='bbox 534 2045 680 2128; x_wconf 84' lang='lat' dir='ltr'><strong>occurrit</strong></span> <span class='ocrx_word' id='word_1_18' title='bbox 701 2025 856 2132; x_wconf 85' lang='lat' dir='ltr'><strong>Hecate,</strong></span> <span class='ocrx_word' id='word_1_19' title='bbox 881 2061 1019 2139; x_wconf 84' lang='lat' dir='ltr'><strong>eamque</strong></span> <span class='ocrx_word' id='word_1_20' title='bbox 1038 2040 1089 2136; x_wconf 88' lang='lat' dir='ltr'><strong>ad</strong></span> <span class='ocrx_word' id='word_1_21' title='bbox 1105 2044 1216 2135; x_wconf 76' lang='lat' dir='ltr'><strong>Solent</strong></span> 
     </span>
     <span class='ocr_line' id='line_1_4' title="bbox 217 2166 1274 2271; baseline -0.018 -20"><span class='ocrx_word' id='word_1_22' title='bbox 217 2175 346 2271; x_wconf 76' lang='lat' dir='ltr'><strong>oefilia</strong></span> <span class='ocrx_word' id='word_1_23' title='bbox 370 2171 572 2248; x_wconf 83' lang='lat' dir='ltr'>sciscitatum</span> <span class='ocrx_word' id='word_1_24' title='bbox 598 2166 747 2245; x_wconf 83' lang='lat' dir='ltr'><strong>deducit.</strong></span> <span class='ocrx_word' id='word_1_25' title='bbox 801 2168 860 2240; x_wconf 87' lang='lat' dir='ltr'><strong>Sol</strong></span> <span class='ocrx_word' id='word_1_26' title='bbox 884 2190 957 2262; x_wconf 84' lang='lat' dir='ltr'><strong>eant</strong></span> <span class='ocrx_word' id='word_1_27' title='bbox 981 2168 1101 2258; x_wconf 90' lang='lat' dir='ltr'><strong>docet,</strong></span> <span class='ocrx_word' id='word_1_28' title='bbox 1133 2166 1219 2244; x_wconf 78' lang='lat' dir='ltr'><strong>filine</strong></span> <span class='ocrx_word' id='word_1_29' title='bbox 1271 2225 1274 2232; x_wconf 93' lang='lat'><em>.</em></span> 
     </span>
     <span class='ocr_line' id='line_1_5' title="bbox 214 2289 1220 2399; baseline -0.008 -25"><span class='ocrx_word' id='word_1_30' title='bbox 214 2323 352 2399; x_wconf 79' lang='lat' dir='ltr'><strong>raptum</strong></span> <span class='ocrx_word' id='word_1_31' title='bbox 377 2298 509 2380; x_wconf 81' lang='lat' dir='ltr'><strong>consilio</strong></span> <span class='ocrx_word' id='word_1_32' title='bbox 535 2289 630 2394; x_wconf 85' lang='lat' dir='ltr'><strong>Jovis</strong></span> <span class='ocrx_word' id='word_1_33' title='bbox 660 2317 679 2366; x_wconf 88' lang='lat' dir='ltr'><strong>a</strong></span> <span class='ocrx_word' id='word_1_34' title='bbox 706 2296 847 2392; x_wconf 72' lang='lat' dir='ltr'><strong>l’lutone</strong></span> <span class='ocrx_word' id='word_1_35' title='bbox 871 2308 1100 2390; x_wconf 82' lang='lat' dir='ltr'><strong>perpetratum</strong></span> <span class='ocrx_word' id='word_1_36' title='bbox 1124 2293 1220 2390; x_wconf 84' lang='lat' dir='ltr'><strong>etse,</strong></span> 
     </span>
     <span class='ocr_line' id='line_1_6' title="bbox 220 2417 1219 2507; baseline -0.012 -7"><span class='ocrx_word' id='word_1_37' title='bbox 220 2443 376 2500; x_wconf 80' lang='lat' dir='ltr'><strong>ceterum</strong></span> <span class='ocrx_word' id='word_1_38' title='bbox 406 2440 612 2495; x_wconf 88' lang='lat' dir='ltr'><strong>moerentem</strong></span> <span class='ocrx_word' id='word_1_39' title='bbox 639 2419 799 2495; x_wconf 89' lang='lat' dir='ltr'><strong>consolari</strong></span> <span class='ocrx_word' id='word_1_40' title='bbox 811 2419 924 2493; x_wconf 89' lang='lat' dir='ltr'><strong>studet</strong></span> <span class='ocrx_word' id='word_1_41' title='bbox 939 2418 1089 2507; x_wconf 78' lang='lat' dir='ltr'><strong>laudibus</strong></span> <span class='ocrx_word' id='word_1_42' title='bbox 1114 2417 1219 2489; x_wconf 88' lang='lat' dir='ltr'><strong>hono-</strong></span> 
     </span>
     <span class='ocr_line' id='line_1_7' title="bbox 225 2542 1221 2640; baseline -0.008 -16"><span class='ocrx_word' id='word_1_43' title='bbox 225 2548 338 2640; x_wconf 76' lang='lat' dir='ltr'><strong>rificae</strong></span> <span class='ocrx_word' id='word_1_44' title='bbox 358 2544 537 2629; x_wconf 83' lang='lat' dir='ltr'><strong>affinitatis.</strong></span> <span class='ocrx_word' id='word_1_45' title='bbox 577 2544 634 2638; x_wconf 79' lang='lat' dir='ltr'><strong>llltt¹</strong></span> <span class='ocrx_word' id='word_1_46' title='bbox 655 2567 740 2638; x_wconf 85' lang='lat' dir='ltr'><strong>vero</strong></span> <span class='ocrx_word' id='word_1_47' title='bbox 764 2546 967 2620; x_wconf 87' lang='lat' dir='ltr'><strong>acerbiorem</strong></span> <span class='ocrx_word' id='word_1_48' title='bbox 993 2546 1093 2637; x_wconf 76' lang='lat' dir='ltr'><strong>etiam</strong></span> <span class='ocrx_word' id='word_1_49' title='bbox 1110 2542 1221 2630; x_wconf 73' lang='lat' dir='ltr'><strong>anino</strong></span> 
     </span>
     <span class='ocr_line' id='line_1_8' title="bbox 221 2671 1221 2772; baseline -0.002 -26"><span class='ocrx_word' id='word_1_50' title='bbox 221 2673 390 2762; x_wconf 85' lang='lat' dir='ltr'><strong>dolorem,</strong></span> <span class='ocrx_word' id='word_1_51' title='bbox 414 2672 505 2748; x_wconf 86' lang='lat' dir='ltr'><strong>sunul</strong></span> <span class='ocrx_word' id='word_1_52' title='bbox 524 2674 603 2760; x_wconf 85' lang='lat' dir='ltr'><strong>iram</strong></span> <span class='ocrx_word' id='word_1_53' title='bbox 627 2671 783 2755; x_wconf 87' lang='lat' dir='ltr'><strong>adversus</strong></span> <span class='ocrx_word' id='word_1_54' title='bbox 802 2676 943 2772; x_wconf 77' lang='lat' dir='ltr'><strong>Jovem,</strong></span> <span class='ocrx_word' id='word_1_55' title='bbox 960 2671 1110 2770; x_wconf 82' lang='lat' dir='ltr'><strong>concipit</strong></span> <span class='ocrx_word' id='word_1_56' title='bbox 1126 2712 1143 2760; x_wconf 94' lang='lat'><strong>,·</strong></span> <span class='ocrx_word' id='word_1_57' title='bbox 1162 2691 1221 2761; x_wconf 88' lang='lat' dir='ltr'><strong>ac,</strong></span> 
     </span>
     <span class='ocr_line' id='line_1_9' title="bbox 225 2777 1220 2893; baseline 0.009 -24"><span class='ocrx_word' id='word_1_58' title='bbox 225 2795 343 2869; x_wconf 72' lang='lat' dir='ltr'><strong>relicto</strong></span> <span class='ocrx_word' id='word_1_59' title='bbox 365 2799 461 2885; x_wconf 82' lang='lat' dir='ltr'><strong>coelo</strong></span> <span class='ocrx_word' id='word_1_60' title='bbox 488 2799 706 2893; x_wconf 86' lang='lat' dir='ltr'><strong>Deorumque</strong></span> <span class='ocrx_word' id='word_1_61' title='bbox 740 2777 902 2889; x_wconf 81' lang='lat' dir='ltr'><strong>concilio,</strong></span> <span class='ocrx_word' id='word_1_62' title='bbox 928 2797 1099 2891; x_wconf 86' lang='lat' dir='ltr'><strong>hominum</strong></span> <span class='ocrx_word' id='word_1_63' title='bbox 1121 2799 1220 2879; x_wconf 71' lang='lat' dir='ltr'><strong>urben</strong></span> 
     </span>
     <span class='ocr_line' id='line_1_10' title="bbox 220 2918 1251 3023; baseline -0.001 -24"><span class='ocrx_word' id='word_1_64' title='bbox 220 2947 384 3023; x_wconf 78' lang='lat' dir='ltr'><strong>agrosque</strong></span> <span class='ocrx_word' id='word_1_65' title='bbox 409 2918 555 3016; x_wconf 79' lang='lat' dir='ltr'><strong>squalido</strong></span> <span class='ocrx_word' id='word_1_66' title='bbox 583 2926 715 2995; x_wconf 86' lang='lat' dir='ltr'><strong>oberrat</strong></span> <span class='ocrx_word' id='word_1_67' title='bbox 738 2921 882 3017; x_wconf 80' lang='lat' dir='ltr'><strong>babitu:</strong></span> <span class='ocrx_word' id='word_1_68' title='bbox 908 2925 1064 3019; x_wconf 82' lang='lat' dir='ltr'><strong>tandem,</strong></span> <span class='ocrx_word' id='word_1_69' title='bbox 1085 2923 1222 2998; x_wconf 77' lang='lat' dir='ltr'><strong>vetulas</strong></span> <span class='ocrx_word' id='word_1_70' title='bbox 1249 2980 1251 2985; x_wconf 84' lang='lat'>-</span> 
     </span>
     <span class='ocr_line' id='line_1_11' title="bbox 222 3028 1223 3144; baseline -0.007 -14"><span class='ocrx_word' id='word_1_71' title='bbox 222 3052 358 3141; x_wconf 74' lang='lat' dir='ltr'><strong>surrilis,</strong></span> <span class='ocrx_word' id='word_1_72' title='bbox 390 3071 497 3144; x_wconf 85' lang='lat' dir='ltr'><strong>prope</strong></span> <span class='ocrx_word' id='word_1_73' title='bbox 529 3028 741 3138; x_wconf 77' lang='lat' dir='ltr'><strong>Eleusinem,</strong></span> <span class='ocrx_word' id='word_1_74' title='bbox 783 3047 823 3120; x_wconf 91' lang='lat' dir='ltr'><strong>ad</strong></span> <span class='ocrx_word' id='word_1_75' title='bbox 847 3048 979 3121; x_wconf 86' lang='lat' dir='ltr'><strong>fontem</strong></span> <span class='ocrx_word' id='word_1_76' title='bbox 1008 3048 1223 3140; x_wconf 77' lang='lat' dir='ltr'><strong>Parthenium</strong></span> 
     </span>
    </p>
   </div>
   <div class='ocr_carea' id='block_1_3' title="bbox 221 3171 1224 3524">
    <p class='ocr_par' dir='ltr' id='par_1_3' title="bbox 221 3171 1224 3524">
     <span class='ocr_line' id='line_1_12' title="bbox 226 3171 1223 3282; baseline -0.001 -36"><span class='ocrx_word' id='word_1_77' title='bbox 226 3171 409 3254; x_wconf 57' lang='lat' dir='ltr'><strong>consedit&amp;</strong></span> <span class='ocrx_word' id='word_1_78' title='bbox 443 3174 619 3273; x_wconf 73' lang='lat' dir='ltr'><strong>Haclenus</strong></span> <span class='ocrx_word' id='word_1_79' title='bbox 643 3174 803 3262; x_wconf 86' lang='lat' dir='ltr'><strong>Carmen,</strong></span> <span class='ocrx_word' id='word_1_80' title='bbox 828 3195 1024 3282; x_wconf 89' lang='lat' dir='ltr'><strong>quamquam</strong></span> <span class='ocrx_word' id='word_1_81' title='bbox 1043 3175 1143 3247; x_wconf 83' lang='lat' dir='ltr'><strong>rebus</strong></span> <span class='ocrx_word' id='word_1_82' title='bbox 1164 3191 1223 3245; x_wconf 63' lang='lat' dir='ltr'><strong>va</strong></span> 
     </span>
     <span class='ocr_line' id='line_1_13' title="bbox 221 3293 1224 3395; baseline 0.003 -24"><span class='ocrx_word' id='word_1_83' title='bbox 221 3300 330 3387; x_wconf 83' lang='lat' dir='ltr'><strong>tium,</strong></span> <span class='ocrx_word' id='word_1_84' title='bbox 365 3316 475 3393; x_wconf 83' lang='lat' dir='ltr'><strong>tamen</strong></span> <span class='ocrx_word' id='word_1_85' title='bbox 495 3348 506 3381; x_wconf 88' lang='lat'><strong>,</strong></span> <span class='ocrx_word' id='word_1_86' title='bbox 529 3297 643 3378; x_wconf 78' lang='lat' dir='ltr'><strong>nescio</strong></span> <span class='ocrx_word' id='word_1_87' title='bbox 663 3298 850 3394; x_wconf 80' lang='lat' dir='ltr'><strong>quomodo,</strong></span> <span class='ocrx_word' id='word_1_88' title='bbox 874 3298 1020 3395; x_wconf 87' lang='lat' dir='ltr'><strong>languet.</strong></span> <span class='ocrx_word' id='word_1_89' title='bbox 1068 3293 1224 3388; x_wconf 64' lang='lat' dir='ltr'><strong>Proxima,</strong></span> 
     </span>
     <span class='ocr_line' id='line_1_14' title="bbox 226 3414 1223 3524; baseline 0.003 -30"><span class='ocrx_word' id='word_1_90' title='bbox 226 3414 323 3524; x_wconf 83' lang='lat' dir='ltr'><strong>pars,</strong></span> <span class='ocrx_word' id='word_1_91' title='bbox 347 3443 432 3517; x_wconf 90' lang='lat' dir='ltr'><strong>quae</strong></span> <span class='ocrx_word' id='word_1_92' title='bbox 453 3438 504 3491; x_wconf 82' lang='lat' dir='ltr'><strong>est</strong></span> <span class='ocrx_word' id='word_1_93' title='bbox 525 3445 544 3492; x_wconf 89' lang='lat' dir='ltr'><strong>a</strong></span> <span class='ocrx_word' id='word_1_94' title='bbox 562 3422 659 3515; x_wconf 80' lang='lat' dir='ltr'><strong>qersu</strong></span> <span class='ocrx_word' id='word_1_95' title='bbox 681 3446 730 3514; x_wconf 92' lang='lat'><strong>90</strong></span> <span class='ocrx_word' id='word_1_96' title='bbox 745 3424 786 3496; x_wconf 91' lang='lat' dir='ltr'><strong>ad</strong></span> <span class='ocrx_word' id='word_1_97' title='bbox 803 3445 891 3515; x_wconf 79' lang='lat'><strong>290,</strong></span> <span class='ocrx_word' id='word_1_98' title='bbox 907 3423 1010 3522; x_wconf 84' lang='lat' dir='ltr'><strong>magis</strong></span> <span class='ocrx_word' id='word_1_99' title='bbox 1019 3422 1089 3521; x_wconf 78' lang='lat' dir='ltr'><strong>jam</strong></span> <span class='ocrx_word' id='word_1_100' title='bbox 1106 3443 1223 3502; x_wconf 69' lang='lat' dir='ltr'><strong>move.</strong></span> 
     </span>
    </p>
   </div>
   <div class='ocr_carea' id='block_1_4' title="bbox 220 3531 1348 5501">
    <p class='ocr_par' dir='ltr' id='par_1_4' title="bbox 220 3531 1348 5407">
     <span class='ocr_line' id='line_1_15' title="bbox 227 3531 1348 3648; baseline 0 -28"><span class='ocrx_word' id='word_1_101' title='bbox 227 3531 284 3621; x_wconf 87' lang='lat' dir='ltr'><strong>tur</strong></span> <span class='ocrx_word' id='word_1_102' title='bbox 307 3548 468 3644; x_wconf 86' lang='lat' dir='ltr'><strong>vigetque</strong></span> <span class='ocrx_word' id='word_1_103' title='bbox 491 3551 623 3624; x_wconf 72' lang='lat' dir='ltr'><strong>actione</strong></span> <span class='ocrx_word' id='word_1_104' title='bbox 644 3549 683 3626; x_wconf 74' lang='lat' dir='ltr'><strong>dt</strong></span> <span class='ocrx_word' id='word_1_105' title='bbox 707 3550 886 3648; x_wconf 86' lang='lat' dir='ltr'><strong>imaginum</strong></span> <span class='ocrx_word' id='word_1_106' title='bbox 912 3552 1064 3637; x_wconf 78' lang='lat' dir='ltr'><strong>veritate·</strong></span> <span class='ocrx_word' id='word_1_107' title='bbox 1084 3570 1125 3620; x_wconf 91' lang='lat' dir='ltr'><strong>ac</strong></span> <span class='ocrx_word' id='word_1_108' title='bbox 1152 3548 1224 3621; x_wconf 88' lang='lat' dir='ltr'><strong>sua·</strong></span> <span class='ocrx_word' id='word_1_109' title='bbox 1346 3566 1348 3571; x_wconf 86' lang='lat'>·</span> 
     </span>
     <span class='ocr_line' id='line_1_16' title="bbox 222 3668 1223 3767; baseline -0.008 -12"><span class='ocrx_word' id='word_1_110' title='bbox 222 3679 345 3755; x_wconf 78' lang='lat' dir='ltr'><strong>vitate.</strong></span> <span class='ocrx_word' id='word_1_111' title='bbox 395 3668 491 3764; x_wconf 84' lang='lat' dir='ltr'><strong>Nam</strong></span> <span class='ocrx_word' id='word_1_112' title='bbox 508 3679 587 3766; x_wconf 88' lang='lat' dir='ltr'><strong>dum</strong></span> <span class='ocrx_word' id='word_1_113' title='bbox 611 3680 675 3767; x_wconf 83' lang='lat' dir='ltr'><strong>ita,</strong></span> <span class='ocrx_word' id='word_1_114' title='bbox 705 3680 840 3753; x_wconf 87' lang='lat' dir='ltr'><strong>vetulae</strong></span> <span class='ocrx_word' id='word_1_115' title='bbox 862 3678 971 3755; x_wconf 74' lang='lat' dir='ltr'><strong>furmb</strong></span> <span class='ocrx_word' id='word_1_116' title='bbox 993 3669 1156 3764; x_wconf 67' lang='lat' dir='ltr'><strong>assumta,</strong></span> <span class='ocrx_word' id='word_1_117' title='bbox 1181 3674 1223 3748; x_wconf 87' lang='lat' dir='ltr'><strong>acl</strong></span> 
     </span>
     <span class='ocr_line' id='line_1_17' title="bbox 221 3799 1224 3898; baseline -0.001 -23"><span class='ocrx_word' id='word_1_118' title='bbox 221 3801 437 3876; x_wconf 84' lang='lat' dir='ltr'><strong>Parthenium</strong></span> <span class='ocrx_word' id='word_1_119' title='bbox 452 3799 593 3888; x_wconf 65' lang='lat' dir='ltr'><strong>[sontem</strong></span> <span class='ocrx_word' id='word_1_120' title='bbox 622 3802 741 3893; x_wconf 83' lang='lat' dir='ltr'><strong>sedet,</strong></span> <span class='ocrx_word' id='word_1_121' title='bbox 774 3806 898 3884; x_wconf 89' lang='lat' dir='ltr'><strong>accidit</strong></span> <span class='ocrx_word' id='word_1_122' title='bbox 921 3822 959 3877; x_wconf 91' lang='lat' dir='ltr'><strong>ut</strong></span> <span class='ocrx_word' id='word_1_123' title='bbox 991 3827 1035 3876; x_wconf 91' lang='lat' dir='ltr'><strong>eo</strong></span> <span class='ocrx_word' id='word_1_124' title='bbox 1066 3821 1224 3898; x_wconf 78' lang='lat' dir='ltr'><strong>aquatum</strong></span> 
     </span>
     <span class='ocr_line' id='line_1_18' title="bbox 224 3913 1295 4027; baseline -0.005 -25"><span class='ocrx_word' id='word_1_125' title='bbox 224 3929 362 4002; x_wconf 86' lang='lat' dir='ltr'><strong>veniant</strong></span> <span class='ocrx_word' id='word_1_126' title='bbox 394 3948 537 4027; x_wconf 88' lang='lat' dir='ltr'><strong>quatuor</strong></span> <span class='ocrx_word' id='word_1_127' title='bbox 568 3928 659 4010; x_wconf 85' lang='lat' dir='ltr'><strong>Celei</strong></span> <span class='ocrx_word' id='word_1_128' title='bbox 692 3930 779 4022; x_wconf 83' lang='lat' dir='ltr'><strong>regis</strong></span> <span class='ocrx_word' id='word_1_129' title='bbox 811 3930 923 4018; x_wconf 75' lang='lat' dir='ltr'><strong>filiae,</strong></span> <span class='ocrx_word' id='word_1_130' title='bbox 959 3948 1044 4021; x_wconf 82' lang='lat' dir='ltr'><strong>quae</strong></span> <span class='ocrx_word' id='word_1_131' title='bbox 1079 3928 1122 3999; x_wconf 89' lang='lat' dir='ltr'><strong>ad</strong></span> <span class='ocrx_word' id='word_1_132' title='bbox 1152 3929 1225 4020; x_wconf 85' lang='lat' dir='ltr'><strong>ejus</strong></span> <span class='ocrx_word' id='word_1_133' title='bbox 1289 3913 1295 3929; x_wconf 82' lang='lat'>&#39;</span> 
     </span>
     <span class='ocr_line' id='line_1_19' title="bbox 225 4047 1314 4148; baseline -0.002 -27"><span class='ocrx_word' id='word_1_134' title='bbox 225 4070 371 4145; x_wconf 82' lang='lat' dir='ltr'><strong>aetatem</strong></span> <span class='ocrx_word' id='word_1_135' title='bbox 393 4072 432 4121; x_wconf 89' lang='lat' dir='ltr'><strong>ac</strong></span> <span class='ocrx_word' id='word_1_136' title='bbox 453 4049 717 4148; x_wconf 60' lang='lat' dir='ltr'><strong>solitudinem&amp;</strong></span> <span class='ocrx_word' id='word_1_137' title='bbox 739 4050 773 4122; x_wconf 91' lang='lat' dir='ltr'><strong>in</strong></span> <span class='ocrx_word' id='word_1_138' title='bbox 799 4049 870 4144; x_wconf 89' lang='lat' dir='ltr'><strong>ipso</strong></span> <span class='ocrx_word' id='word_1_139' title='bbox 888 4049 943 4123; x_wconf 89' lang='lat' dir='ltr'><strong>illo</strong></span> <span class='ocrx_word' id='word_1_140' title='bbox 968 4047 1115 4145; x_wconf 85' lang='lat' dir='ltr'><strong>squalore</strong></span> <span class='ocrx_word' id='word_1_141' title='bbox 1139 4048 1225 4121; x_wconf 67' lang='lat' dir='ltr'><strong>indi-</strong></span> <span class='ocrx_word' id='word_1_142' title='bbox 1311 4065 1314 4069; x_wconf 78' lang='grc'><strong><em>’</em></strong></span> 
     </span>
     <span class='ocr_line' id='line_1_20' title="bbox 221 4152 1225 4271; baseline -0.001 -23"><span class='ocrx_word' id='word_1_143' title='bbox 221 4176 278 4270; x_wconf 80' lang='lat' dir='ltr'><strong>cia</strong></span> <span class='ocrx_word' id='word_1_144' title='bbox 299 4176 481 4251; x_wconf 83' lang='lat' dir='ltr'><strong>honestatis</strong></span> <span class='ocrx_word' id='word_1_145' title='bbox 512 4195 721 4264; x_wconf 87' lang='lat' dir='ltr'><strong>commotae,</strong></span> <span class='ocrx_word' id='word_1_146' title='bbox 752 4196 826 4247; x_wconf 88' lang='lat' dir='ltr'><strong>earn</strong></span> <span class='ocrx_word' id='word_1_147' title='bbox 860 4152 1049 4256; x_wconf 82' lang='lat' dir='ltr'><strong>humaniter</strong></span> <span class='ocrx_word' id='word_1_148' title='bbox 1078 4158 1225 4271; x_wconf 83' lang='lat' dir='ltr'><strong>compel-</strong></span> 
     </span>
     <span class='ocr_line' id='line_1_21' title="bbox 222 4297 1228 4397; baseline -0.005 -22"><span class='ocrx_word' id='word_1_149' title='bbox 222 4301 310 4397; x_wconf 81' lang='lat' dir='ltr'><strong>lant,</strong></span> <span class='ocrx_word' id='word_1_150' title='bbox 343 4299 382 4377; x_wconf 75' lang='lat' dir='ltr'><strong>dt</strong></span> <span class='ocrx_word' id='word_1_151' title='bbox 408 4301 443 4376; x_wconf 92' lang='lat' dir='ltr'><strong>in</strong></span> <span class='ocrx_word' id='word_1_152' title='bbox 469 4304 584 4389; x_wconf 88' lang='lat' dir='ltr'><strong>urbem</strong></span> <span class='ocrx_word' id='word_1_153' title='bbox 609 4298 650 4375; x_wconf 88' lang='lat' dir='ltr'><strong>ad</strong></span> <span class='ocrx_word' id='word_1_154' title='bbox 671 4297 844 4397; x_wconf 80' lang='lat' dir='ltr'><strong>hominum</strong></span> <span class='ocrx_word' id='word_1_155' title='bbox 870 4301 1063 4391; x_wconf 84' lang='lat' dir='ltr'><strong>societatem</strong></span> <span class='ocrx_word' id='word_1_156' title='bbox 1088 4317 1228 4393; x_wconf 79' lang='lat' dir='ltr'><strong>vocant,</strong></span> 
     </span>
     <span class='ocr_line' id='line_1_22' title="bbox 226 4425 1225 4532; baseline -0.002 -32"><span class='ocrx_word' id='word_1_157' title='bbox 226 4426 293 4527; x_wconf 73' lang='lat' dir='ltr'><strong>His</strong></span> <span class='ocrx_word' id='word_1_158' title='bbox 310 4429 564 4521; x_wconf 85' lang='lat' dir='ltr'><strong>quaerentibus,</strong></span> <span class='ocrx_word' id='word_1_159' title='bbox 595 4447 680 4521; x_wconf 91' lang='lat' dir='ltr'><strong>quae</strong></span> <span class='ocrx_word' id='word_1_160' title='bbox 703 4425 741 4497; x_wconf 74' lang='lat' dir='ltr'><strong>n</strong></span> <span class='ocrx_word' id='word_1_161' title='bbox 764 4425 853 4498; x_wconf 90' lang='lat' dir='ltr'><strong>unde</strong></span> <span class='ocrx_word' id='word_1_162' title='bbox 873 4430 960 4500; x_wconf 83' lang='lat' dir='ltr'><strong>esser</strong></span> <span class='ocrx_word' id='word_1_163' title='bbox 972 4483 984 4518; x_wconf 93' lang='lat'><strong>,</strong></span> <span class='ocrx_word' id='word_1_164' title='bbox 1014 4428 1225 4532; x_wconf 60' lang='lat' dir='ltr'><strong>respondet,</strong></span> 
     </span>
     <span class='ocr_line' id='line_1_23' title="bbox 223 4547 1285 4646; baseline 0.001 -28"><span class='ocrx_word' id='word_1_165' title='bbox 223 4547 278 4635; x_wconf 90' lang='lat' dir='ltr'><strong>se,</strong></span> <span class='ocrx_word' id='word_1_166' title='bbox 299 4547 435 4645; x_wconf 71' lang='lat' dir='ltr'><strong>Cretla</strong></span> <span class='ocrx_word' id='word_1_167' title='bbox 458 4550 572 4646; x_wconf 89' lang='lat' dir='ltr'><strong>piratis</strong></span> <span class='ocrx_word' id='word_1_168' title='bbox 596 4567 723 4643; x_wconf 86' lang='lat' dir='ltr'><strong>raptam</strong></span> <span class='ocrx_word' id='word_1_169' title='bbox 747 4570 788 4632; x_wconf 84' lang='lat' dir='ltr'><strong>ac</strong></span> <span class='ocrx_word' id='word_1_170' title='bbox 811 4549 996 4622; x_wconf 89' lang='lat' dir='ltr'><strong>Thoricum</strong></span> <span class='ocrx_word' id='word_1_171' title='bbox 1021 4551 1227 4643; x_wconf 71' lang='lat' dir='ltr'><strong>advectam,</strong></span> <span class='ocrx_word' id='word_1_172' title='bbox 1282 4558 1285 4567; x_wconf 88' lang='lat'>&#39;</span> 
     </span>
     <span class='ocr_line' id='line_1_24' title="bbox 226 4672 1224 4770; baseline -0.006 -23"><span class='ocrx_word' id='word_1_173' title='bbox 226 4672 312 4747; x_wconf 86' lang='lat' dir='ltr'><strong>clam</strong></span> <span class='ocrx_word' id='word_1_174' title='bbox 328 4672 396 4747; x_wconf 91' lang='lat' dir='ltr'><strong>huc</strong></span> <span class='ocrx_word' id='word_1_175' title='bbox 417 4672 620 4770; x_wconf 84' lang='lat' dir='ltr'><strong>confugisse:</strong></span> <span class='ocrx_word' id='word_1_176' title='bbox 638 4672 729 4747; x_wconf 76' lang='lat' dir='ltr'><strong>simul</strong></span> <span class='ocrx_word' id='word_1_177' title='bbox 747 4695 860 4747; x_wconf 88' lang='lat' dir='ltr'><strong>earum</strong></span> <span class='ocrx_word' id='word_1_178' title='bbox 873 4674 1031 4770; x_wconf 83' lang='lat' dir='ltr'><strong>auxilium</strong></span> <span class='ocrx_word' id='word_1_179' title='bbox 1052 4674 1224 4769; x_wconf 86' lang='lat' dir='ltr'><strong>implorat,</strong></span> 
     </span>
     <span class='ocr_line' id='line_1_25' title="bbox 222 4797 1226 4900; baseline 0.001 -29"><span class='ocrx_word' id='word_1_180' title='bbox 222 4799 335 4887; x_wconf 86' lang='lat' dir='ltr'><strong>donec</strong></span> <span class='ocrx_word' id='word_1_181' title='bbox 354 4797 389 4870; x_wconf 91' lang='lat' dir='ltr'><strong>in</strong></span> <span class='ocrx_word' id='word_1_182' title='bbox 413 4798 555 4900; x_wconf 73' lang='lat' dir='ltr'><strong>honesta</strong></span> <span class='ocrx_word' id='word_1_183' title='bbox 581 4797 704 4894; x_wconf 68' lang='lat' dir='ltr'><strong>familia¹</strong></span> <span class='ocrx_word' id='word_1_184' title='bbox 729 4799 863 4888; x_wconf 69' lang='lat' dir='ltr'><strong>ancillae</strong></span> <span class='ocrx_word' id='word_1_185' title='bbox 880 4822 938 4875; x_wconf 89' lang='lat' dir='ltr'><strong>aut</strong></span> <span class='ocrx_word' id='word_1_186' title='bbox 955 4799 1095 4876; x_wconf 89' lang='lat' dir='ltr'><strong>nutricis</strong></span> <span class='ocrx_word' id='word_1_187' title='bbox 1114 4799 1226 4891; x_wconf 88' lang='lat' dir='ltr'><strong>locum</strong></span> 
     </span>
     <span class='ocr_line' id='line_1_26' title="bbox 223 4923 1335 5025; baseline 0.003 -26"><span class='ocrx_word' id='word_1_188' title='bbox 223 4923 416 5001; x_wconf 88' lang='lat' dir='ltr'><strong>invenisset.</strong></span> <span class='ocrx_word' id='word_1_189' title='bbox 465 4924 595 5018; x_wconf 83' lang='lat' dir='ltr'><strong>Puellae</strong></span> <span class='ocrx_word' id='word_1_190' title='bbox 625 4924 767 5024; x_wconf 83' lang='lat' dir='ltr'><strong>benigna</strong></span> <span class='ocrx_word' id='word_1_191' title='bbox 800 4928 909 5021; x_wconf 90' lang='lat' dir='ltr'><strong>omnia</strong></span> <span class='ocrx_word' id='word_1_192' title='bbox 941 4928 973 5001; x_wconf 92' lang='lat' dir='ltr'><strong>ei</strong></span> <span class='ocrx_word' id='word_1_193' title='bbox 998 4925 1221 5025; x_wconf 88' lang='lat' dir='ltr'><strong>pollicentur,</strong></span> <span class='ocrx_word' id='word_1_194' title='bbox 1330 5012 1335 5022; x_wconf 80' lang='lat'><em>.</em></span> 
     </span>
     <span class='ocr_line' id='line_1_27' title="bbox 224 5047 1223 5153; baseline 0.004 -30"><span class='ocrx_word' id='word_1_195' title='bbox 224 5047 486 5128; x_wconf 81' lang='lat' dir='ltr'><strong>&amp;enumeratis</strong></span> <span class='ocrx_word' id='word_1_196' title='bbox 512 5051 696 5150; x_wconf 87' lang='lat' dir='ltr'><strong>praecipuis</strong></span> <span class='ocrx_word' id='word_1_197' title='bbox 728 5051 971 5153; x_wconf 77' lang='lat' dir='ltr'><strong>Eleusiniorum</strong></span> <span class='ocrx_word' id='word_1_198' title='bbox 990 5052 1137 5146; x_wconf 83' lang='lat' dir='ltr'><strong>familiis,</strong></span> <span class='ocrx_word' id='word_1_199' title='bbox 1173 5051 1223 5127; x_wconf 68' lang='lat' dir='ltr'><strong>ah</strong></span> 
     </span>
     <span class='ocr_line' id='line_1_28' title="bbox 220 5173 1220 5276; baseline 0.009 -35"><span class='ocrx_word' id='word_1_200' title='bbox 220 5173 352 5273; x_wconf 71' lang='lat' dir='ltr'><strong>firmant</strong></span> <span class='ocrx_word' id='word_1_201' title='bbox 374 5178 593 5271; x_wconf 78' lang='lat' dir='ltr'><strong>gratissimum</strong></span> <span class='ocrx_word' id='word_1_202' title='bbox 613 5177 671 5250; x_wconf 86' lang='lat' dir='ltr'><strong>fibi</strong></span> <span class='ocrx_word' id='word_1_203' title='bbox 698 5179 814 5257; x_wconf 84' lang='lat' dir='ltr'><strong>forest</strong></span> <span class='ocrx_word' id='word_1_204' title='bbox 840 5180 873 5251; x_wconf 88' lang='lat' dir='ltr'><strong>in</strong></span> <span class='ocrx_word' id='word_1_205' title='bbox 895 5197 1067 5276; x_wconf 81' lang='lat' dir='ltr'><strong>paternam</strong></span> <span class='ocrx_word' id='word_1_206' title='bbox 1078 5181 1220 5256; x_wconf 88' lang='lat' dir='ltr'><strong>&#39;domum</strong></span> 
     </span>
     <span class='ocr_line' id='line_1_29' title="bbox 221 5297 1220 5407; baseline -0.002 -33"><span class='ocrx_word' id='word_1_207' title='bbox 221 5297 335 5400; x_wconf 15' lang='lat' dir='ltr'><strong>nrt-triac</strong></span> <span class='ocrx_word' id='word_1_208' title='bbox 360 5301 491 5399; x_wconf 74' lang='lat' dir='ltr'><strong>parvuli</strong></span> <span class='ocrx_word' id='word_1_209' title='bbox 518 5301 627 5387; x_wconf 81' lang='lat' dir='ltr'><strong>fratris</strong></span> <span class='ocrx_word' id='word_1_210' title='bbox 650 5305 852 5407; x_wconf 75' lang='lat' dir='ltr'><strong>recipiatur,</strong></span> <span class='ocrx_word' id='word_1_211' title='bbox 873 5301 912 5381; x_wconf 80' lang='lat' dir='ltr'><strong>se</strong></span> <span class='ocrx_word' id='word_1_212' title='bbox 929 5305 1019 5401; x_wconf 77' lang='lat' dir='ltr'><strong>hunc</strong></span> <span class='ocrx_word' id='word_1_213' title='bbox 1042 5309 1087 5383; x_wconf 91' lang='lat' dir='ltr'><strong>illi</strong></span> <span class='ocrx_word' id='word_1_214' title='bbox 1109 5307 1220 5386; x_wconf 81' lang='lat' dir='ltr'><strong>locunt</strong></span> 
     </span>
    </p>

    <p class='ocr_par' dir='ltr' id='par_1_5' title="bbox 667 5449 1221 5501">
     <span class='ocr_line' id='line_1_30' title="bbox 667 5449 1221 5501; baseline -0.002 1"><span class='ocrx_word' id='word_1_215' title='bbox 667 5449 672 5456; x_wconf 84' lang='lat'><strong>·</strong></span> <span class='ocrx_word' id='word_1_216' title='bbox 1203 5453 1221 5501; x_wconf 88' lang='lat' dir='ltr'><strong>a</strong></span> 
     </span>
    </p>
   </div>
   <div class='ocr_carea' id='block_1_5' title="bbox 0 0 1454 7092">
    <p class='ocr_par' dir='ltr' id='par_1_6' title="bbox 0 0 1454 7092">
     <span class='ocr_line' id='line_1_31' title="bbox 0 0 1454 7092; baseline 0 0"><span class='ocrx_word' id='word_1_217' title='bbox 0 0 1454 7092; x_wconf 95' lang='lat' dir='ltr'><strong> </strong></span> 
     </span>
    </p>
   </div>
  </div>
 </body>
</html>
