<?xml version="1.0" encoding="UTF-8"?>
<!DOCTYPE html PUBLIC "-//W3C//DTD XHTML 1.0 Transitional//EN"
    "http://www.w3.org/TR/xhtml1/DTD/xhtml1-transitional.dtd">
<html xmlns="http://www.w3.org/1999/xhtml" xml:lang="en" lang="en">
 <head>
  <title>
</title>
<meta http-equiv="Content-Type" content="text/html;charset=utf-8" />
  <meta name='ocr-system' content='tesseract 3.04.00' />
  <meta name='ocr-capabilities' content='ocr_page ocr_carea ocr_par ocr_line ocrx_word'/>
</head>
<body>
  <div class='ocr_page' id='page_1' title='image "./bibliotecacriti01wyttgoog_0531.png"; bbox 0 0 2900 7100; ppageno 0'>
   <div class='ocr_carea' id='block_1_1' title="bbox 291 1714 1301 1828">
    <p class='ocr_par' dir='ltr' id='par_1_1' title="bbox 291 1714 1301 1828">
     <span class='ocr_line' id='line_1_1' title="bbox 291 1714 1301 1828; baseline 0 -21"><span class='ocrx_word' id='word_1_1' title='bbox 291 1724 601 1807; x_wconf 85' lang='lat' dir='ltr'>DOCTRINAR.</span> <span class='ocrx_word' id='word_1_2' title='bbox 626 1714 761 1811; x_wconf 84' lang='lat' dir='ltr'>APUD</span> <span class='ocrx_word' id='word_1_3' title='bbox 789 1726 868 1806; x_wconf 89' lang='lat' dir='ltr'>GR.</span> <span class='ocrx_word' id='word_1_4' title='bbox 892 1730 961 1828; x_wconf 76' lang='grc' dir='ltr'>ΕΤ</span> <span class='ocrx_word' id='word_1_5' title='bbox 983 1729 1112 1807; x_wconf 82' lang='lat' dir='ltr'><strong>ROM.</strong></span> <span class='ocrx_word' id='word_1_6' title='bbox 1166 1754 1231 1807; x_wconf 87' lang='lat' dir='ltr'>tor</span> <span class='ocrx_word' id='word_1_7' title='bbox 1298 1823 1301 1828; x_wconf 23' lang='grc' dir='ltr'>Ι</span> 
     </span>
    </p>
   </div>
   <div class='ocr_carea' id='block_1_2' title="bbox 226 1879 1359 3489">
    <p class='ocr_par' dir='ltr' id='par_1_2' title="bbox 226 1879 1238 2123">
     <span class='ocr_line' id='line_1_2' title="bbox 226 1879 1238 1999; baseline 0.002 -23"><span class='ocrx_word' id='word_1_8' title='bbox 226 1879 446 1976; x_wconf 81' lang='lat' dir='ltr'>&#39;dicuntur-a</span> <span class='ocrx_word' id='word_1_9' title='bbox 467 1899 625 1999; x_wconf 81' lang='lat' dir='ltr'>Diogene</span> <span class='ocrx_word' id='word_1_10' title='bbox 656 1899 792 1976; x_wconf 84' lang='lat' dir='ltr'>La‘e‘rtio</span> <span class='ocrx_word' id='word_1_11' title='bbox 815 1895 853 1974; x_wconf 70' lang='grc' dir='ltr'>ἃ</span> <span class='ocrx_word' id='word_1_12' title='bbox 875 1900 1073 1992; x_wconf 86' lang='lat' dir='ltr'>Athencao,</span> <span class='ocrx_word' id='word_1_13' title='bbox 1104 1903 1238 1999; x_wconf 83' lang='lat' dir='ltr'>gravio·</span> 
     </span>
     <span class='ocr_line' id='line_1_3' title="bbox 240 2024 1233 2123; baseline 0.005 -24"><span class='ocrx_word' id='word_1_14' title='bbox 240 2048 315 2099; x_wconf 87' lang='lat' dir='ltr'>rum</span> <span class='ocrx_word' id='word_1_15' title='bbox 337 2024 626 2122; x_wconf 88' lang='lat' dir='ltr'>antiquiorumque</span> <span class='ocrx_word' id='word_1_16' title='bbox 648 2026 884 2123; x_wconf 84' lang='lat' dir='ltr'>Scriptorum,</span> <span class='ocrx_word' id='word_1_17' title='bbox 918 2028 1059 2100; x_wconf 85' lang='lat' dir='ltr'>maxime</span> <span class='ocrx_word' id='word_1_18' title='bbox 1087 2027 1233 2104; x_wconf 73' lang='lat' dir='ltr'>Platonis</span> 
     </span>
    </p>

    <p class='ocr_par' dir='ltr' id='par_1_3' title="bbox 226 2146 1359 3489">
     <span class='ocr_line' id='line_1_4' title="bbox 240 2146 1236 2246; baseline 0.002 -19"><span class='ocrx_word' id='word_1_19' title='bbox 240 2146 280 2227; x_wconf 78' lang='lat' dir='ltr'>tlt</span> <span class='ocrx_word' id='word_1_20' title='bbox 295 2148 505 2237; x_wconf 78' lang='lat' dir='ltr'>Aristotelis,</span> <span class='ocrx_word' id='word_1_21' title='bbox 517 2149 645 2226; x_wconf 82' lang='lat' dir='ltr'>silentio</span> <span class='ocrx_word' id='word_1_22' title='bbox 659 2149 862 2246; x_wconf 84' lang='lat' dir='ltr'>repudianda</span> <span class='ocrx_word' id='word_1_23' title='bbox 877 2148 952 2222; x_wconf 86' lang='lat' dir='ltr'>sunt</span> <span class='ocrx_word' id='word_1_24' title='bbox 967 2148 1035 2245; x_wconf 82' lang='lat' dir='ltr'><em>(b).</em></span> <span class='ocrx_word' id='word_1_25' title='bbox 1060 2152 1236 2230; x_wconf 68' lang='lat' dir='ltr'>Numero·</span> 
     </span>
     <span class='ocr_line' id='line_1_5' title="bbox 239 2252 1233 2372; baseline 0.008 -24"><span class='ocrx_word' id='word_1_26' title='bbox 239 2274 434 2372; x_wconf 85' lang='lat' dir='ltr'>Sapientum</span> <span class='ocrx_word' id='word_1_27' title='bbox 449 2294 514 2345; x_wconf 89' lang='lat' dir='ltr'>nec</span> <span class='ocrx_word' id='word_1_28' title='bbox 524 2252 667 2369; x_wconf 87' lang='lat' dir='ltr'>ipsorum</span> <span class='ocrx_word' id='word_1_29' title='bbox 680 2292 792 2347; x_wconf 87' lang='lat' dir='ltr'>aetate</span> <span class='ocrx_word' id='word_1_30' title='bbox 801 2327 813 2363; x_wconf 89' lang='lat'>‚</span> <span class='ocrx_word' id='word_1_31' title='bbox 822 2296 886 2347; x_wconf 89' lang='lat' dir='ltr'>nec</span> <span class='ocrx_word' id='word_1_32' title='bbox 900 2277 1233 2366; x_wconf 84' lang='lat' dir='ltr'>postea,coostatrter</span> 
     </span>
     <span class='ocr_line' id='line_1_6' title="bbox 236 2392 1233 2502; baseline 0.006 -32"><span class='ocrx_word' id='word_1_33' title='bbox 236 2392 394 2502; x_wconf 81' lang='lat' dir='ltr'>definitur</span> <span class='ocrx_word' id='word_1_34' title='bbox 416 2393 504 2469; x_wconf 83' lang='lat' dir='ltr'>fuit:</span> <span class='ocrx_word' id='word_1_35' title='bbox 523 2396 709 2492; x_wconf 86' lang='lat' dir='ltr'>complures</span> <span class='ocrx_word' id='word_1_36' title='bbox 732 2396 944 2483; x_wconf 85' lang='lat' dir='ltr'>ferebantur,</span> <span class='ocrx_word' id='word_1_37' title='bbox 961 2396 1116 2493; x_wconf 77' lang='lat' dir='ltr'>equibus</span> <span class='ocrx_word' id='word_1_38' title='bbox 1137 2402 1233 2476; x_wconf 88' lang='lat' dir='ltr'>Plato</span> 
     </span>
     <span class='ocr_line' id='line_1_7' title="bbox 234 2516 1233 2619; baseline 0.001 -26"><span class='ocrx_word' id='word_1_39' title='bbox 234 2518 361 2619; x_wconf 77' lang='lat' dir='ltr'>primur</span> <span class='ocrx_word' id='word_1_40' title='bbox 383 2516 509 2616; x_wconf 87' lang='lat' dir='ltr'>septem</span> <span class='ocrx_word' id='word_1_41' title='bbox 538 2521 743 2614; x_wconf 77' lang='lat' dir='ltr'>celebravit-5</span> <span class='ocrx_word' id='word_1_42' title='bbox 773 2523 827 2598; x_wconf 85' lang='lat' dir='ltr'>alii</span> <span class='ocrx_word' id='word_1_43' title='bbox 852 2519 1039 2618; x_wconf 87' lang='lat' dir='ltr'>Scriptorer</span> <span class='ocrx_word' id='word_1_44' title='bbox 1065 2519 1233 2602; x_wconf 68' lang='lat' dir='ltr'>delectum</span> 
     </span>
     <span class='ocr_line' id='line_1_8' title="bbox 233 2642 1232 2742; baseline 0.003 -25"><span class='ocrx_word' id='word_1_45' title='bbox 233 2645 298 2720; x_wconf 94' lang='lat' dir='ltr'>alio</span> <span class='ocrx_word' id='word_1_46' title='bbox 327 2645 429 2724; x_wconf 90' lang='lat' dir='ltr'>modo</span> <span class='ocrx_word' id='word_1_47' title='bbox 468 2647 630 2731; x_wconf 87' lang='lat' dir='ltr'>fecerunt.</span> <span class='ocrx_word' id='word_1_48' title='bbox 681 2646 739 2721; x_wconf 84' lang='lat' dir='ltr'>Ad</span> <span class='ocrx_word' id='word_1_49' title='bbox 771 2647 896 2722; x_wconf 80' lang='lat' dir='ltr'>fabular</span> <span class='ocrx_word' id='word_1_50' title='bbox 928 2642 1127 2742; x_wconf 77' lang='lat' dir='ltr'>rejiciendae</span> <span class='ocrx_word' id='word_1_51' title='bbox 1154 2642 1232 2724; x_wconf 83' lang='lat' dir='ltr'>sunt</span> 
     </span>
     <span class='ocr_line' id='line_1_9' title="bbox 232 2767 1236 2869; baseline -0.003 -25"><span class='ocrx_word' id='word_1_52' title='bbox 232 2770 449 2869; x_wconf 82' lang='lat' dir='ltr'>pervulgatae</span> <span class='ocrx_word' id='word_1_53' title='bbox 473 2769 622 2867; x_wconf 80' lang='lat' dir='ltr'>quamvis</span> <span class='ocrx_word' id='word_1_54' title='bbox 645 2768 906 2846; x_wconf 81' lang='lat' dir='ltr'>narratiunculae</span> <span class='ocrx_word' id='word_1_55' title='bbox 923 2770 967 2844; x_wconf 89' lang='lat' dir='ltr'>de</span> <span class='ocrx_word' id='word_1_56' title='bbox 984 2772 1020 2845; x_wconf 93' lang='lat' dir='ltr'>T</span> <span class='ocrx_word' id='word_1_57' title='bbox 1020 2767 1136 2867; x_wconf 88' lang='lat' dir='ltr'>tipede</span> <span class='ocrx_word' id='word_1_58' title='bbox 1157 2770 1236 2866; x_wconf 78' lang='lat' dir='ltr'>(c),</span> 
     </span>
     <span class='ocr_line' id='line_1_10' title="bbox 232 2893 1228 2995; baseline -0.001 -26"><span class='ocrx_word' id='word_1_59' title='bbox 232 2898 277 2969; x_wconf 90' lang='lat' dir='ltr'>de</span> <span class='ocrx_word' id='word_1_60' title='bbox 295 2894 477 2970; x_wconf 71' lang='lat' dir='ltr'>vCortvivio</span> <span class='ocrx_word' id='word_1_61' title='bbox 505 2893 545 2970; x_wconf 72' lang='grc' dir='ltr'>ἅ</span> <span class='ocrx_word' id='word_1_62' title='bbox 571 2897 752 2968; x_wconf 87' lang='lat' dir='ltr'>Conventa</span> <span class='ocrx_word' id='word_1_63' title='bbox 783 2896 979 2995; x_wconf 88' lang='lat' dir='ltr'>Sapientum</span> <span class='ocrx_word' id='word_1_64' title='bbox 1016 2894 1092 2987; x_wconf 58' lang='grc' dir='ltr'>(ὣς</span> <span class='ocrx_word' id='word_1_65' title='bbox 1134 2909 1228 2968; x_wconf 82' lang='lat' dir='ltr'>certe</span> 
     </span>
     <span class='ocr_line' id='line_1_11' title="bbox 230 3005 1359 3112; baseline -0.002 -17"><span class='ocrx_word' id='word_1_66' title='bbox 230 3020 406 3100; x_wconf 85' lang='lat' dir='ltr'>Plutarcho</span> <span class='ocrx_word' id='word_1_67' title='bbox 422 3014 657 3110; x_wconf 81' lang='lat' dir='ltr'>abjudicandas</span> <span class='ocrx_word' id='word_1_68' title='bbox 675 3032 728 3086; x_wconf 88' lang='lat' dir='ltr'>est</span> <span class='ocrx_word' id='word_1_69' title='bbox 742 3016 867 3089; x_wconf 87' lang='lat' dir='ltr'>libellus</span> <span class='ocrx_word' id='word_1_70' title='bbox 876 3016 954 3112; x_wconf 76' lang='lat' dir='ltr'>‚qui</span> <span class='ocrx_word' id='word_1_71' title='bbox 966 3037 1139 3112; x_wconf 83' lang='lat' dir='ltr'>perperam</span> <span class='ocrx_word' id='word_1_72' title='bbox 1155 3015 1229 3111; x_wconf 75' lang='lat' dir='ltr'>ojua</span> <span class='ocrx_word' id='word_1_73' title='bbox 1272 3090 1275 3096; x_wconf 87' lang='grc'><em>,</em></span> <span class='ocrx_word' id='word_1_74' title='bbox 1355 3005 1359 3018; x_wconf 60' lang='grc'><strong>’</strong></span> 
     </span>
     <span class='ocr_line' id='line_1_12' title="bbox 228 3136 1228 3238; baseline -0.001 -21"><span class='ocrx_word' id='word_1_75' title='bbox 228 3142 362 3219; x_wconf 89' lang='lat' dir='ltr'>nominc</span> <span class='ocrx_word' id='word_1_76' title='bbox 384 3139 510 3228; x_wconf 88' lang='lat' dir='ltr'>fertur,</span> <span class='ocrx_word' id='word_1_77' title='bbox 527 3136 570 3210; x_wconf 91' lang='lat' dir='ltr'>de</span> <span class='ocrx_word' id='word_1_78' title='bbox 596 3138 734 3232; x_wconf 82' lang='lat' dir='ltr'>Septem</span> <span class='ocrx_word' id='word_1_79' title='bbox 756 3138 949 3233; x_wconf 90' lang='lat' dir='ltr'>Sapientum</span> <span class='ocrx_word' id='word_1_80' title='bbox 968 3138 1138 3214; x_wconf 81' lang='lat' dir='ltr'>Convirio</span> <span class='ocrx_word' id='word_1_81' title='bbox 1161 3139 1228 3238; x_wconf 91' lang='lat'>().</span> 
     </span>
     <span class='ocr_line' id='line_1_13' title="bbox 230 3258 1226 3361; baseline -0.003 -20"><span class='ocrx_word' id='word_1_82' title='bbox 230 3262 325 3341; x_wconf 92' lang='lat' dir='ltr'>Huic</span> <span class='ocrx_word' id='word_1_83' title='bbox 357 3262 459 3338; x_wconf 90' lang='lat' dir='ltr'>aetati</span> <span class='ocrx_word' id='word_1_84' title='bbox 486 3260 629 3358; x_wconf 82' lang='lat' dir='ltr'>proximi</span> <span class='ocrx_word' id='word_1_85' title='bbox 658 3258 796 3335; x_wconf 89' lang='lat' dir='ltr'>fuerunt</span> <span class='ocrx_word' id='word_1_86' title='bbox 820 3264 1002 3356; x_wconf 89' lang='lat' dir='ltr'>Gnomici,</span> <span class='ocrx_word' id='word_1_87' title='bbox 1030 3263 1102 3361; x_wconf 88' lang='lat' dir='ltr'>·qui</span> <span class='ocrx_word' id='word_1_88' title='bbox 1132 3259 1226 3338; x_wconf 84' lang='lat' dir='ltr'>vitae</span> 
     </span>
     <span class='ocr_line' id='line_1_14' title="bbox 226 3385 1295 3489; baseline 0.002 -28"><span class='ocrx_word' id='word_1_89' title='bbox 226 3408 405 3489; x_wconf 85' lang='lat' dir='ltr'>praecepta</span> <span class='ocrx_word' id='word_1_90' title='bbox 425 3385 568 3460; x_wconf 89' lang='lat' dir='ltr'>carmine</span> <span class='ocrx_word' id='word_1_91' title='bbox 589 3387 762 3461; x_wconf 87' lang='lat' dir='ltr'>tradebant</span> <span class='ocrx_word' id='word_1_92' title='bbox 769 3441 782 3479; x_wconf 89' lang='lat'><strong>,</strong></span> <span class='ocrx_word' id='word_1_93' title='bbox 798 3388 972 3487; x_wconf 73' lang='lat' dir='ltr'>Theognis</span> <span class='ocrx_word' id='word_1_94' title='bbox 979 3447 991 3483; x_wconf 92' lang='lat'><strong>,</strong></span> <span class='ocrx_word' id='word_1_95' title='bbox 1007 3388 1223 3488; x_wconf 82' lang='lat' dir='ltr'>Phocylides,</span> <span class='ocrx_word' id='word_1_96' title='bbox 1290 3453 1295 3463; x_wconf 95' lang='lat'><em>.</em></span> 
     </span>
    </p>
   </div>
   <div class='ocr_carea' id='block_1_3' title="bbox 225 3508 1341 3970">
    <p class='ocr_par' dir='ltr' id='par_1_4' title="bbox 225 3508 1341 3862">
     <span class='ocr_line' id='line_1_15' title="bbox 226 3508 1341 3636; baseline -0.004 -41"><span class='ocrx_word' id='word_1_97' title='bbox 226 3516 468 3603; x_wconf 86' lang='lat' dir='ltr'>Mimnermus,</span> <span class='ocrx_word' id='word_1_98' title='bbox 494 3512 697 3606; x_wconf 85' lang='lat' dir='ltr'>Simonides,</span> <span class='ocrx_word' id='word_1_99' title='bbox 721 3510 761 3589; x_wconf 77' lang='grc' dir='ltr'>δι</span> <span class='ocrx_word' id='word_1_100' title='bbox 778 3508 835 3608; x_wconf 91' lang='lat' dir='ltr'>qui</span> <span class='ocrx_word' id='word_1_101' title='bbox 852 3510 887 3587; x_wconf 91' lang='lat' dir='ltr'>in</span> <span class='ocrx_word' id='word_1_102' title='bbox 907 3513 1026 3589; x_wconf 89' lang='lat' dir='ltr'>eodem</span> <span class='ocrx_word' id='word_1_103' title='bbox 1048 3537 1224 3615; x_wconf 81' lang='lat' dir='ltr'>argumen-</span> <span class='ocrx_word' id='word_1_104' title='bbox 1338 3625 1341 3636; x_wconf 31' lang='grc' dir='ltr'>Ι</span> 
     </span>
     <span class='ocr_line' id='line_1_16' title="bbox 225 3634 1220 3738; baseline 0.003 -24"><span class='ocrx_word' id='word_1_105' title='bbox 225 3661 265 3715; x_wconf 93' lang='lat' dir='ltr'>to</span> <span class='ocrx_word' id='word_1_106' title='bbox 284 3640 400 3729; x_wconf 82' lang='lat' dir='ltr'>aliato,</span> <span class='ocrx_word' id='word_1_107' title='bbox 419 3638 486 3736; x_wconf 89' lang='lat' dir='ltr'>jam</span> <span class='ocrx_word' id='word_1_108' title='bbox 509 3642 551 3713; x_wconf 88' lang='lat' dir='ltr'>ab</span> <span class='ocrx_word' id='word_1_109' title='bbox 570 3639 808 3738; x_wconf 86' lang='lat' dir='ltr'>antiquioribus</span> <span class='ocrx_word' id='word_1_110' title='bbox 827 3634 1033 3733; x_wconf 87' lang='lat' dir='ltr'>inchoatam,</span> <span class='ocrx_word' id='word_1_111' title='bbox 1056 3640 1220 3717; x_wconf 89' lang='lat' dir='ltr'>rationem</span> 
     </span>
     <span class='ocr_line' id='line_1_17' title="bbox 225 3761 1220 3862; baseline 0.002 -20"><span class='ocrx_word' id='word_1_112' title='bbox 225 3765 420 3843; x_wconf 84' lang='lat' dir='ltr'>Pabuiarum</span> <span class='ocrx_word' id='word_1_113' title='bbox 444 3762 615 3843; x_wconf 85' lang='lat' dir='ltr'>constituit</span> <span class='ocrx_word' id='word_1_114' title='bbox 639 3761 811 3862; x_wconf 84' lang='lat' dir='ltr'>Aesopus,</span> <span class='ocrx_word' id='word_1_115' title='bbox 843 3786 928 3862; x_wconf 89' lang='lat' dir='ltr'>quae</span> <span class='ocrx_word' id='word_1_116' title='bbox 959 3789 1028 3845; x_wconf 90' lang='lat' dir='ltr'>non</span> <span class='ocrx_word' id='word_1_117' title='bbox 1053 3765 1096 3842; x_wconf 91' lang='lat' dir='ltr'>ad</span> <span class='ocrx_word' id='word_1_118' title='bbox 1119 3766 1220 3844; x_wconf 87' lang='lat' dir='ltr'>solam</span> 
     </span>
    </p>

    <p class='ocr_par' dir='ltr' id='par_1_5' title="bbox 1128 3893 1220 3970">
     <span class='ocr_line' id='line_1_18' title="bbox 1128 3893 1220 3970; baseline -0.011 0"><span class='ocrx_word' id='word_1_119' title='bbox 1128 3893 1220 3970; x_wconf 86' lang='lat' dir='ltr'>oble·</span> 
     </span>
    </p>
   </div>
   <div class='ocr_carea' id='block_1_4' title="bbox 187 4088 1346 5357">
    <p class='ocr_par' dir='ltr' id='par_1_6' title="bbox 187 4088 1346 5357">
     <span class='ocr_line' id='line_1_19' title="bbox 267 4088 1217 4173; baseline 0.007 -24"><span class='ocrx_word' id='word_1_120' title='bbox 267 4091 313 4173; x_wconf 74' lang='lat' dir='ltr'>(i)</span> <span class='ocrx_word' id='word_1_121' title='bbox 337 4094 402 4154; x_wconf 86' lang='lat' dir='ltr'>Hoc</span> <span class='ocrx_word' id='word_1_122' title='bbox 421 4088 548 4162; x_wconf 79' lang='lat' dir='ltr'>iudicium</span> <span class='ocrx_word' id='word_1_123' title='bbox 569 4094 657 4153; x_wconf 79' lang='lat' dir='ltr'>minus</span> <span class='ocrx_word' id='word_1_124' title='bbox 678 4095 775 4163; x_wconf 81' lang='lat' dir='ltr'>etiarn,</span> <span class='ocrx_word' id='word_1_125' title='bbox 801 4110 882 4169; x_wconf 84' lang='lat' dir='ltr'>quam</span> <span class='ocrx_word' id='word_1_126' title='bbox 907 4096 1015 4170; x_wconf 87' lang='lat' dir='ltr'>priora,</span> <span class='ocrx_word' id='word_1_127' title='bbox 1036 4097 1148 4157; x_wconf 81' lang='lat' dir='ltr'>rationis</span> <span class='ocrx_word' id='word_1_128' title='bbox 1169 4096 1217 4156; x_wconf 81' lang='lat' dir='ltr'>ha·</span> 
     </span>
     <span class='ocr_line' id='line_1_20' title="bbox 218 4189 1216 4272; baseline 0 -19"><span class='ocrx_word' id='word_1_129' title='bbox 218 4196 282 4260; x_wconf 69' lang='grc' dir='ltr'>δας</span> <span class='ocrx_word' id='word_1_130' title='bbox 306 4195 406 4270; x_wconf 88' lang='lat' dir='ltr'>quippe</span> <span class='ocrx_word' id='word_1_131' title='bbox 419 4189 542 4260; x_wconf 81' lang='lat' dir='ltr'>Platoni,</span> <span class='ocrx_word' id='word_1_132' title='bbox 560 4193 607 4268; x_wconf 91' lang='lat' dir='ltr'>qui</span> <span class='ocrx_word' id='word_1_133' title='bbox 620 4206 783 4251; x_wconf 85' lang='lat' dir='ltr'>conuentum</span> <span class='ocrx_word' id='word_1_134' title='bbox 803 4193 912 4268; x_wconf 82' lang='lat' dir='ltr'>Septem</span> <span class='ocrx_word' id='word_1_135' title='bbox 928 4195 1083 4270; x_wconf 84' lang='lat' dir='ltr'>Sapienorm</span> <span class='ocrx_word' id='word_1_136' title='bbox 1099 4194 1216 4272; x_wconf 71' lang='lat' dir='ltr'>Delphin</span> 
     </span>
     <span class='ocr_line' id='line_1_21' title="bbox 219 4289 1214 4371; baseline 0.005 -21"><span class='ocrx_word' id='word_1_137' title='bbox 219 4307 351 4354; x_wconf 80' lang='lat' dir='ltr'>memorat</span> <span class='ocrx_word' id='word_1_138' title='bbox 374 4291 481 4362; x_wconf 80' lang='lat' dir='ltr'>Protag.</span> <span class='ocrx_word' id='word_1_139' title='bbox 498 4305 525 4364; x_wconf 87' lang='lat' dir='ltr'>p.</span> <span class='ocrx_word' id='word_1_140' title='bbox 554 4298 631 4354; x_wconf 80' lang='lat' dir='ltr'>roo.</span> <span class='ocrx_word' id='word_1_141' title='bbox 652 4293 690 4352; x_wconf 84' lang='lat' dir='ltr'>G.</span> <span class='ocrx_word' id='word_1_142' title='bbox 714 4292 862 4371; x_wconf 87' lang='lat' dir='ltr'>opponitur</span> <span class='ocrx_word' id='word_1_143' title='bbox 881 4289 1013 4353; x_wconf 76' lang='lat' dir='ltr'>aientium</span> <span class='ocrx_word' id='word_1_144' title='bbox 1027 4291 1163 4359; x_wconf 81' lang='lat' dir='ltr'>Herodoti</span> <span class='ocrx_word' id='word_1_145' title='bbox 1185 4290 1214 4354; x_wconf 76' lang='lat' dir='ltr'>ir</span> 
     </span>
     <span class='ocr_line' id='line_1_22' title="bbox 216 4384 537 4464; baseline -0.019 -14"><span class='ocrx_word' id='word_1_146' title='bbox 216 4391 261 4454; x_wconf 73' lang='lat' dir='ltr'>rel</span> <span class='ocrx_word' id='word_1_147' title='bbox 285 4385 367 4464; x_wconf 82' lang='lat' dir='ltr'>ipsius</span> <span class='ocrx_word' id='word_1_148' title='bbox 384 4384 537 4448; x_wconf 74' lang='lat' dir='ltr'>difficultas.</span> 
     </span>
     <span class='ocr_line' id='line_1_23' title="bbox 267 4481 1214 4566; baseline 0.01 -27"><span class='ocrx_word' id='word_1_149' title='bbox 267 4482 309 4561; x_wconf 86' lang='lat' dir='ltr'>(e)</span> <span class='ocrx_word' id='word_1_150' title='bbox 334 4484 409 4564; x_wconf 84' lang='lat' dir='ltr'>Quin</span> <span class='ocrx_word' id='word_1_151' title='bbox 434 4482 540 4543; x_wconf 81' lang='lat' dir='ltr'>libellus</span> <span class='ocrx_word' id='word_1_152' title='bbox 565 4481 702 4542; x_wconf 79' lang='lat' dir='ltr'>Plutarchi</span> <span class='ocrx_word' id='word_1_153' title='bbox 735 4484 793 4555; x_wconf 86' lang='lat' dir='ltr'>iit,</span> <span class='ocrx_word' id='word_1_154' title='bbox 827 4501 882 4546; x_wconf 87' lang='lat' dir='ltr'>troo</span> <span class='ocrx_word' id='word_1_155' title='bbox 912 4485 1081 4559; x_wconf 72' lang='lat' dir='ltr'>dubitamura</span> <span class='ocrx_word' id='word_1_156' title='bbox 1120 4488 1214 4566; x_wconf 85' lang='lat' dir='ltr'>quam·</span> 
     </span>
     <span class='ocr_line' id='line_1_24' title="bbox 217 4582 1209 4663; baseline 0.001 -21"><span class='ocrx_word' id='word_1_157' title='bbox 217 4600 298 4663; x_wconf 88' lang='lat' dir='ltr'>quam</span> <span class='ocrx_word' id='word_1_158' title='bbox 318 4599 374 4643; x_wconf 89' lang='lat' dir='ltr'>noo</span> <span class='ocrx_word' id='word_1_159' title='bbox 400 4595 509 4653; x_wconf 84' lang='lat' dir='ltr'>omnes,</span> <span class='ocrx_word' id='word_1_160' title='bbox 534 4583 581 4658; x_wconf 90' lang='lat' dir='ltr'>qui</span> <span class='ocrx_word' id='word_1_161' title='bbox 601 4582 659 4649; x_wconf 78' lang='lat' dir='ltr'>ejus</span> <span class='ocrx_word' id='word_1_162' title='bbox 681 4587 792 4642; x_wconf 83' lang='lat' dir='ltr'>nomine</span> <span class='ocrx_word' id='word_1_163' title='bbox 814 4582 953 4653; x_wconf 80' lang='lat' dir='ltr'>feruntur,</span> <span class='ocrx_word' id='word_1_164' title='bbox 979 4584 1013 4642; x_wconf 85' lang='lat' dir='ltr'>ad</span> <span class='ocrx_word' id='word_1_165' title='bbox 1036 4586 1095 4657; x_wconf 81' lang='lat' dir='ltr'>elur</span> <span class='ocrx_word' id='word_1_166' title='bbox 1116 4585 1209 4644; x_wconf 76' lang='lat' dir='ltr'>autio-</span> 
     </span>
     <span class='ocr_line' id='line_1_25' title="bbox 217 4668 1208 4760; baseline -0.004 -14"><span class='ocrx_word' id='word_1_167' title='bbox 217 4686 323 4746; x_wconf 86' lang='lat' dir='ltr'>rltatcm</span> <span class='ocrx_word' id='word_1_168' title='bbox 344 4668 496 4742; x_wconf 81' lang='lat' dir='ltr'>referirirur.</span> <span class='ocrx_word' id='word_1_169' title='bbox 543 4678 613 4742; x_wconf 82' lang='lat' dir='ltr'>Stilo</span> <span class='ocrx_word' id='word_1_170' title='bbox 635 4677 662 4738; x_wconf 75' lang='grc' dir='ltr'>ἀ</span> <span class='ocrx_word' id='word_1_171' title='bbox 685 4679 813 4742; x_wconf 78' lang='lat' dir='ltr'>oratione</span> <span class='ocrx_word' id='word_1_172' title='bbox 835 4681 942 4760; x_wconf 88' lang='lat' dir='ltr'>paulum</span> <span class='ocrx_word' id='word_1_173' title='bbox 967 4678 1060 4742; x_wconf 66' lang='lat' dir='ltr'>differt</span> <span class='ocrx_word' id='word_1_174' title='bbox 1082 4682 1116 4740; x_wconf 88' lang='lat' dir='ltr'>ab</span> <span class='ocrx_word' id='word_1_175' title='bbox 1148 4681 1208 4743; x_wconf 79' lang='lat' dir='ltr'>aiilr</span> 
     </span>
     <span class='ocr_line' id='line_1_26' title="bbox 216 4778 1211 4861; baseline -0.002 -19"><span class='ocrx_word' id='word_1_176' title='bbox 216 4781 338 4855; x_wconf 75' lang='lat' dir='ltr'>eiusdem</span> <span class='ocrx_word' id='word_1_177' title='bbox 365 4780 488 4861; x_wconf 87' lang='lat' dir='ltr'>scriptis;</span> <span class='ocrx_word' id='word_1_178' title='bbox 521 4778 645 4850; x_wconf 86' lang='lat' dir='ltr'>sedita,</span> <span class='ocrx_word' id='word_1_179' title='bbox 683 4792 713 4839; x_wconf 90' lang='lat' dir='ltr'>ut</span> <span class='ocrx_word' id='word_1_180' title='bbox 740 4779 899 4840; x_wconf 71' lang='lat' dir='ltr'>Plutarchus</span> <span class='ocrx_word' id='word_1_181' title='bbox 929 4793 1017 4840; x_wconf 86' lang='lat' dir='ltr'>tameo</span> <span class='ocrx_word' id='word_1_182' title='bbox 1043 4780 1211 4858; x_wconf 77' lang='lat' dir='ltr'>agnoscatur.</span> 
     </span>
     <span class='ocr_line' id='line_1_27' title="bbox 187 4866 1345 4955; baseline -0.004 -12"><span class='ocrx_word' id='word_1_183' title='bbox 187 4917 190 4922; x_wconf 60' lang='lat'>&lt;</span> <span class='ocrx_word' id='word_1_184' title='bbox 216 4866 491 4943; x_wconf 78' lang='lat' dir='ltr'>Divernru&#39;exstitit</span> <span class='ocrx_word' id='word_1_185' title='bbox 506 4893 541 4938; x_wconf 86' lang='lat' dir='ltr'>ex</span> <span class='ocrx_word' id='word_1_186' title='bbox 557 4879 706 4954; x_wconf 76' lang='lat' dir='ltr'>argumenti</span> <span class='ocrx_word' id='word_1_187' title='bbox 728 4875 754 4935; x_wconf 74' lang='lat' dir='ltr'>ot</span> <span class='ocrx_word' id='word_1_188' title='bbox 773 4878 913 4938; x_wconf 84' lang='lat' dir='ltr'>hominum</span> <span class='ocrx_word' id='word_1_189' title='bbox 930 4877 1140 4955; x_wconf 84' lang='lat' dir='ltr'>colloquentium</span> <span class='ocrx_word' id='word_1_190' title='bbox 1162 4892 1209 4938; x_wconf 89' lang='lat' dir='ltr'>ao·</span> <span class='ocrx_word' id='word_1_191' title='bbox 1340 4894 1345 4923; x_wconf 76' lang='lat'><strong>¹</strong></span> 
     </span>
     <span class='ocr_line' id='line_1_28' title="bbox 216 4972 1346 5052; baseline 0.004 -17"><span class='ocrx_word' id='word_1_192' title='bbox 216 4978 365 5052; x_wconf 74' lang='lat' dir='ltr'>inquitate:</span> <span class='ocrx_word' id='word_1_193' title='bbox 388 4973 519 5050; x_wconf 88' lang='lat' dir='ltr'>adquam</span> <span class='ocrx_word' id='word_1_194' title='bbox 538 4975 660 5039; x_wconf 79' lang='lat' dir='ltr'>nonnihil</span> <span class='ocrx_word' id='word_1_195' title='bbox 682 4972 907 5035; x_wconf 86' lang='lat' dir='ltr'>accommodanda</span> <span class='ocrx_word' id='word_1_196' title='bbox 924 4987 982 5035; x_wconf 82' lang='lat' dir='ltr'>erat</span> <span class='ocrx_word' id='word_1_197' title='bbox 1005 4975 1105 5035; x_wconf 86' lang='lat' dir='ltr'>oratio.</span> <span class='ocrx_word' id='word_1_198' title='bbox 1151 4974 1208 5039; x_wconf 80' lang='lat' dir='ltr'>sed</span> <span class='ocrx_word' id='word_1_199' title='bbox 1341 5043 1346 5051; x_wconf 69' lang='grc'><strong>,</strong></span> 
     </span>
     <span class='ocr_line' id='line_1_29' title="bbox 216 5070 1207 5152; baseline 0 -19"><span class='ocrx_word' id='word_1_200' title='bbox 216 5072 289 5134; x_wconf 85' lang='lat' dir='ltr'>luam</span> <span class='ocrx_word' id='word_1_201' title='bbox 310 5075 366 5152; x_wconf 83' lang='lat' dir='ltr'>ipse</span> <span class='ocrx_word' id='word_1_202' title='bbox 390 5073 548 5134; x_wconf 85' lang='lat' dir='ltr'>sententiam</span> <span class='ocrx_word' id='word_1_203' title='bbox 571 5073 608 5131; x_wconf 87' lang='lat' dir='ltr'>V.</span> <span class='ocrx_word' id='word_1_204' title='bbox 632 5073 674 5133; x_wconf 86' lang='lat' dir='ltr'>ci</span> <span class='ocrx_word' id='word_1_205' title='bbox 696 5072 849 5149; x_wconf 85' lang='lat' dir='ltr'>repudiabit</span> <span class='ocrx_word' id='word_1_206' title='bbox 867 5071 960 5141; x_wconf 86' lang='lat' dir='ltr'>forte,</span> <span class='ocrx_word' id='word_1_207' title='bbox 992 5086 1023 5133; x_wconf 89' lang='lat' dir='ltr'>ut</span> <span class='ocrx_word' id='word_1_208' title='bbox 1041 5070 1148 5133; x_wconf 84' lang='lat' dir='ltr'>iecltln</span> <span class='ocrx_word' id='word_1_209' title='bbox 1173 5074 1207 5133; x_wconf 93' lang='lat' dir='ltr'>ll·</span> 
     </span>
     <span class='ocr_line' id='line_1_30' title="bbox 218 5169 1205 5253; baseline 0.002 -23"><span class='ocrx_word' id='word_1_210' title='bbox 218 5170 296 5231; x_wconf 86' lang='lat' dir='ltr'>beiio</span> <span class='ocrx_word' id='word_1_211' title='bbox 327 5171 363 5230; x_wconf 83' lang='lat' dir='ltr'>de</span> <span class='ocrx_word' id='word_1_212' title='bbox 401 5170 521 5232; x_wconf 81' lang='lat' dir='ltr'>Socrat&#39;r</span> <span class='ocrx_word' id='word_1_213' title='bbox 551 5172 665 5239; x_wconf 86' lang='lat' dir='ltr'>Genio,</span> <span class='ocrx_word' id='word_1_214' title='bbox 716 5186 796 5246; x_wconf 79' lang='lat' dir='ltr'>quem</span> <span class='ocrx_word' id='word_1_215' title='bbox 826 5171 971 5248; x_wconf 82' lang='lat' dir='ltr'>aliquando</span> <span class='ocrx_word' id='word_1_216' title='bbox 1012 5169 1205 5253; x_wconf 83' lang='lat' dir='ltr'>ioppoiiririunr</span> 
     </span>
     <span class='ocr_line' id='line_1_31' title="bbox 216 5266 1037 5357; baseline 0.002 -26"><span class='ocrx_word' id='word_1_217' title='bbox 216 5269 457 5357; x_wconf 67' lang='lat' dir='ltr'>pronunciaverat</span> <span class='ocrx_word' id='word_1_218' title='bbox 482 5266 536 5331; x_wconf 73' lang='lat' dir='ltr'>rin</span> <span class='ocrx_word' id='word_1_219' title='bbox 554 5286 583 5347; x_wconf 85' lang='lat' dir='ltr'>p.</span> <span class='ocrx_word' id='word_1_220' title='bbox 603 5274 678 5346; x_wconf 79' lang='lat'>248·</span> <span class='ocrx_word' id='word_1_221' title='bbox 1034 5266 1037 5271; x_wconf 84' lang='lat'>&#39;</span> 
     </span>
    </p>
   </div>
   <div class='ocr_carea' id='block_1_5' title="bbox 680 5378 758 5482">
    <p class='ocr_par' dir='ltr' id='par_1_7' title="bbox 680 5378 758 5482">
     <span class='ocr_line' id='line_1_32' title="bbox 680 5378 758 5482; baseline 0 0"><span class='ocrx_word' id='word_1_222' title='bbox 680 5378 758 5482; x_wconf 78' lang='lat' dir='ltr'>Ga</span> 
     </span>
    </p>
   </div>
   <div class='ocr_carea' id='block_1_6' title="bbox 0 0 1454 7100">
    <p class='ocr_par' dir='ltr' id='par_1_8' title="bbox 0 0 1454 7100">
     <span class='ocr_line' id='line_1_33' title="bbox 0 0 1454 7100; baseline 0 0"><span class='ocrx_word' id='word_1_223' title='bbox 0 0 1454 7100; x_wconf 95' lang='lat' dir='ltr'> </span> 
     </span>
    </p>
   </div>
  </div>
 </body>
</html>
