<?xml version="1.0" encoding="UTF-8"?>
<!DOCTYPE html PUBLIC "-//W3C//DTD XHTML 1.0 Transitional//EN"
    "http://www.w3.org/TR/xhtml1/DTD/xhtml1-transitional.dtd">
<html xmlns="http://www.w3.org/1999/xhtml" xml:lang="en" lang="en">
 <head>
  <title>
</title>
<meta http-equiv="Content-Type" content="text/html;charset=utf-8" />
  <meta name='ocr-system' content='tesseract 3.04.00' />
  <meta name='ocr-capabilities' content='ocr_page ocr_carea ocr_par ocr_line ocrx_word'/>
</head>
<body>
  <div class='ocr_page' id='page_1' title='image "./bibliotecacriti01wyttgoog_0266.png"; bbox 0 0 2900 7100; ppageno 0'>
   <div class='ocr_carea' id='block_1_1' title="bbox 155 1104 1362 1590">
    <p class='ocr_par' dir='ltr' id='par_1_1' title="bbox 155 1104 1362 1590">
     <span class='ocr_line' id='line_1_1' title="bbox 155 1104 1362 1460; baseline 0.023 -28"><span class='ocrx_word' id='word_1_1' title='bbox 155 1104 1362 1460; x_wconf 58' lang='lat' dir='ltr'><strong>w</strong></span> 
     </span>
     <span class='ocr_line' id='line_1_2' title="bbox 196 1457 1349 1500; baseline 0.005 -20"><span class='ocrx_word' id='word_1_2' title='bbox 196 1469 199 1480; x_wconf 90' lang='grc' dir='ltr'>ι</span> <span class='ocrx_word' id='word_1_3' title='bbox 372 1457 381 1470; x_wconf 71' lang='lat'>⁸</span> <span class='ocrx_word' id='word_1_4' title='bbox 840 1483 847 1500; x_wconf 69' lang='lat'>&#39;</span> <span class='ocrx_word' id='word_1_5' title='bbox 1042 1483 1048 1494; x_wconf 66' lang='lat'>&#39;</span> <span class='ocrx_word' id='word_1_6' title='bbox 1343 1473 1349 1486; x_wconf 75' lang='lat' dir='ltr'>n</span> 
     </span>
     <span class='ocr_line' id='line_1_3' title="bbox 502 1505 1175 1558; baseline -0.001 0"><span class='ocrx_word' id='word_1_7' title='bbox 502 1549 505 1558; x_wconf 77' lang='grc' dir='ltr'>ι</span> <span class='ocrx_word' id='word_1_8' title='bbox 847 1526 855 1538; x_wconf 52' lang='grc' dir='ltr'>ι</span> <span class='ocrx_word' id='word_1_9' title='bbox 884 1505 887 1510; x_wconf 45' lang='grc' dir='ltr'>Ι</span> <span class='ocrx_word' id='word_1_10' title='bbox 972 1513 976 1518; x_wconf 56' lang='grc' dir='ltr'>Ι</span> <span class='ocrx_word' id='word_1_11' title='bbox 1169 1531 1175 1550; x_wconf 64' lang='lat'><strong><em>¹</em></strong></span> 
     </span>
     <span class='ocr_line' id='line_1_4' title="bbox 271 1563 1013 1590; baseline -0.001 -15"><span class='ocrx_word' id='word_1_12' title='bbox 271 1563 281 1590; x_wconf 71' lang='grc' dir='ltr'><strong><em>Ι</em></strong></span> <span class='ocrx_word' id='word_1_13' title='bbox 660 1571 662 1578; x_wconf 91' lang='grc'>,</span> <span class='ocrx_word' id='word_1_14' title='bbox 1007 1563 1013 1574; x_wconf 87' lang='grc' dir='ltr'>ι</span> 
     </span>
    </p>
   </div>
   <div class='ocr_carea' id='block_1_2' title="bbox 190 1725 1154 1844">
    <p class='ocr_par' dir='ltr' id='par_1_2' title="bbox 190 1725 1154 1844">
     <span class='ocr_line' id='line_1_5' title="bbox 190 1725 1154 1844; baseline -0.004 -32"><span class='ocrx_word' id='word_1_15' title='bbox 190 1735 193 1742; x_wconf 68' lang='grc'><strong>“</strong></span> <span class='ocrx_word' id='word_1_16' title='bbox 270 1755 369 1844; x_wconf 45' lang='grc'><strong>’194-</strong></span> <span class='ocrx_word' id='word_1_17' title='bbox 404 1729 782 1811; x_wconf 85' lang='lat' dir='ltr'><strong>RELATIONES</strong></span> <span class='ocrx_word' id='word_1_18' title='bbox 812 1725 1154 1841; x_wconf 15' lang='lat' dir='ltr'><strong>BREVIORERS.</strong></span> 
     </span>
    </p>
   </div>
   <div class='ocr_carea' id='block_1_3' title="bbox 128 1899 1355 5249">
    <p class='ocr_par' dir='ltr' id='par_1_3' title="bbox 128 1899 1355 5249">
     <span class='ocr_line' id='line_1_6' title="bbox 157 1899 1304 2005; baseline -0.004 -24"><span class='ocrx_word' id='word_1_19' title='bbox 157 1899 159 1904; x_wconf 70' lang='grc'><strong>’</strong></span> <span class='ocrx_word' id='word_1_20' title='bbox 282 1905 485 2005; x_wconf 68' lang='grc' dir='ltr'>ῐρεέὶαεΐεῑε</span> <span class='ocrx_word' id='word_1_21' title='bbox 521 1920 662 1996; x_wconf 85' lang='lat' dir='ltr'>uterque</span> <span class='ocrx_word' id='word_1_22' title='bbox 685 1899 860 1979; x_wconf 74' lang='lat' dir='ltr'>baud&#39;una</span> <span class='ocrx_word' id='word_1_23' title='bbox 876 1905 912 1980; x_wconf 88' lang='lat' dir='ltr'>in</span> <span class='ocrx_word' id='word_1_24' title='bbox 928 1923 1023 2004; x_wconf 76' lang='lat' dir='ltr'>parte</span> <span class='ocrx_word' id='word_1_25' title='bbox 1047 1928 1125 1979; x_wconf 90' lang='lat' dir='ltr'>cum</span> <span class='ocrx_word' id='word_1_26' title='bbox 1149 1903 1304 1978; x_wconf 73' lang='lat' dir='ltr'>formae.</span> 
     </span>
     <span class='ocr_line' id='line_1_7' title="bbox 283 2024 1278 2132; baseline -0.007 -26"><span class='ocrx_word' id='word_1_27' title='bbox 283 2049 355 2106; x_wconf 87' lang='lat' dir='ltr'>turn</span> <span class='ocrx_word' id='word_1_28' title='bbox 375 2024 531 2103; x_wconf 87' lang='lat' dir='ltr'>materiae</span> <span class='ocrx_word' id='word_1_29' title='bbox 552 2049 573 2100; x_wconf 91' lang='lat' dir='ltr'>a</span> <span class='ocrx_word' id='word_1_30' title='bbox 596 2027 775 2123; x_wconf 85' lang='lat' dir='ltr'>scriptoris</span> <span class='ocrx_word' id='word_1_31' title='bbox 798 2029 933 2104; x_wconf 84' lang='lat' dir='ltr'>confilio</span> <span class='ocrx_word' id='word_1_32' title='bbox 947 2027 1163 2132; x_wconf 72' lang='lat' dir='ltr'>discessisset,</span> <span class='ocrx_word' id='word_1_33' title='bbox 1186 2025 1278 2122; x_wconf 88' lang='lat' dir='ltr'>quod</span> 
     </span>
     <span class='ocr_line' id='line_1_8' title="bbox 165 2131 1278 2260; baseline -0.013 -27"><span class='ocrx_word' id='word_1_34' title='bbox 165 2254 169 2260; x_wconf 10' lang='grc' dir='ltr'><strong><em>ἢ</em></strong></span> <span class='ocrx_word' id='word_1_35' title='bbox 279 2153 416 2232; x_wconf 82' lang='lat' dir='ltr'>subinde</span> <span class='ocrx_word' id='word_1_36' title='bbox 431 2131 526 2225; x_wconf 81' lang='lat' dir='ltr'>aliam</span> <span class='ocrx_word' id='word_1_37' title='bbox 538 2151 944 2254; x_wconf 87' lang='lat' dir='ltr'>rationem,locorumque</span> <span class='ocrx_word' id='word_1_38' title='bbox 957 2157 1000 2230; x_wconf 89' lang='lat' dir='ltr'>ab</span> <span class='ocrx_word' id='word_1_39' title='bbox 1009 2153 1075 2230; x_wconf 77' lang='lat' dir='ltr'>illis</span> <span class='ocrx_word' id='word_1_40' title='bbox 1088 2149 1168 2232; x_wconf 81' lang='lat' dir='ltr'>viris</span> <span class='ocrx_word' id='word_1_41' title='bbox 1183 2171 1278 2247; x_wconf 89' lang='lat' dir='ltr'>prae·</span> 
     </span>
     <span class='ocr_line' id='line_1_9' title="bbox 278 2275 1304 2376; baseline -0.005 -24"><span class='ocrx_word' id='word_1_42' title='bbox 278 2275 504 2352; x_wconf 84' lang='lat' dir='ltr'>termissorum</span> <span class='ocrx_word' id='word_1_43' title='bbox 527 2278 761 2353; x_wconf 66' lang='lat' dir='ltr'>uastationem</span> <span class='ocrx_word' id='word_1_44' title='bbox 784 2278 975 2376; x_wconf 75' lang='lat' dir='ltr'>postularet.</span> <span class='ocrx_word' id='word_1_45' title='bbox 1033 2281 1150 2356; x_wconf 86' lang='lat' dir='ltr'>Altera</span> <span class='ocrx_word' id='word_1_46' title='bbox 1174 2275 1282 2364; x_wconf 88' lang='lat' dir='ltr'>ratio,</span> <span class='ocrx_word' id='word_1_47' title='bbox 1301 2353 1304 2358; x_wconf 67' lang='grc'>,</span> 
     </span>
     <span class='ocr_line' id='line_1_10' title="bbox 278 2400 1282 2502; baseline -0.002 -28"><span class='ocrx_word' id='word_1_48' title='bbox 278 2400 383 2476; x_wconf 77' lang='lat' dir='ltr'>duna</span> <span class='ocrx_word' id='word_1_49' title='bbox 404 2402 446 2475; x_wconf 89' lang='lat' dir='ltr'>ab</span> <span class='ocrx_word' id='word_1_50' title='bbox 468 2402 613 2478; x_wconf 90' lang='lat' dir='ltr'>utilitate</span> <span class='ocrx_word' id='word_1_51' title='bbox 631 2403 924 2502; x_wconf 87' lang='lat' dir='ltr'>compendiorum,</span> <span class='ocrx_word' id='word_1_52' title='bbox 946 2405 1095 2501; x_wconf 87' lang='lat' dir='ltr'>pertinet</span> <span class='ocrx_word' id='word_1_53' title='bbox 1106 2401 1148 2476; x_wconf 89' lang='lat' dir='ltr'>ad</span> <span class='ocrx_word' id='word_1_54' title='bbox 1165 2421 1282 2474; x_wconf 90' lang='lat' dir='ltr'>eorum</span> 
     </span>
     <span class='ocr_line' id='line_1_11' title="bbox 138 2525 1281 2630; baseline -0.006 -24"><span class='ocrx_word' id='word_1_55' title='bbox 138 2550 159 2606; x_wconf 91' lang='grc'>.·</span> <span class='ocrx_word' id='word_1_56' title='bbox 221 2599 223 2606; x_wconf 91' lang='grc'>.</span> <span class='ocrx_word' id='word_1_57' title='bbox 267 2528 489 2617; x_wconf 80' lang='lat' dir='ltr'>institutum,</span> <span class='ocrx_word' id='word_1_58' title='bbox 514 2531 574 2628; x_wconf 91' lang='lat' dir='ltr'>qui</span> <span class='ocrx_word' id='word_1_59' title='bbox 591 2532 753 2630; x_wconf 87' lang='lat' dir='ltr'>Logicam</span> <span class='ocrx_word' id='word_1_60' title='bbox 767 2553 836 2604; x_wconf 89' lang='lat' dir='ltr'>non</span> <span class='ocrx_word' id='word_1_61' title='bbox 856 2554 902 2606; x_wconf 86' lang='lat' dir='ltr'>ex</span> <span class='ocrx_word' id='word_1_62' title='bbox 918 2527 1141 2627; x_wconf 84' lang='lat' dir='ltr'>compendiis,</span> <span class='ocrx_word' id='word_1_63' title='bbox 1167 2525 1223 2601; x_wconf 86' lang='lat' dir='ltr'>sed</span> <span class='ocrx_word' id='word_1_64' title='bbox 1238 2548 1281 2600; x_wconf 81' lang='lat' dir='ltr'>ex</span> 
     </span>
     <span class='ocr_line' id='line_1_12' title="bbox 283 2651 1282 2750; baseline -0.002 -22"><span class='ocrx_word' id='word_1_65' title='bbox 283 2651 560 2749; x_wconf 84' lang='lat' dir='ltr'>interpretatione</span> <span class='ocrx_word' id='word_1_66' title='bbox 582 2656 829 2729; x_wconf 80' lang='lat' dir='ltr'>Socraticorum</span> <span class='ocrx_word' id='word_1_67' title='bbox 851 2653 1088 2750; x_wconf 87' lang='lat' dir='ltr'>Dialogorum,</span> <span class='ocrx_word' id='word_1_68' title='bbox 1113 2652 1197 2728; x_wconf 89' lang='lat' dir='ltr'>disci</span> <span class='ocrx_word' id='word_1_69' title='bbox 1219 2676 1282 2727; x_wconf 92' lang='lat' dir='ltr'>vo·</span> 
     </span>
     <span class='ocr_line' id='line_1_13' title="bbox 278 2776 1281 2879; baseline -0.006 -27"><span class='ocrx_word' id='word_1_70' title='bbox 278 2779 363 2852; x_wconf 89' lang='lat' dir='ltr'>lunt.</span> <span class='ocrx_word' id='word_1_71' title='bbox 417 2776 569 2879; x_wconf 83' lang='lat' dir='ltr'>Quorum</span> <span class='ocrx_word' id='word_1_72' title='bbox 591 2777 778 2854; x_wconf 83' lang='lat' dir='ltr'>institutum</span> <span class='ocrx_word' id='word_1_73' title='bbox 807 2777 978 2875; x_wconf 78' lang='lat' dir='ltr'>scriptor,</span> <span class='ocrx_word' id='word_1_74' title='bbox 1016 2798 1055 2852; x_wconf 90' lang='lat' dir='ltr'>ut</span> <span class='ocrx_word' id='word_1_75' title='bbox 1077 2794 1281 2873; x_wconf 81' lang='lat' dir='ltr'>magnopere</span> 
     </span>
     <span class='ocr_line' id='line_1_14' title="bbox 277 2898 1281 3000; baseline -0.002 -24"><span class='ocrx_word' id='word_1_76' title='bbox 277 2900 408 2988; x_wconf 80' lang='lat' dir='ltr'>laudat,</span> <span class='ocrx_word' id='word_1_77' title='bbox 432 2898 480 2972; x_wconf 89' lang='lat' dir='ltr'>ita</span> <span class='ocrx_word' id='word_1_78' title='bbox 498 2899 601 2996; x_wconf 89' lang='lat' dir='ltr'>magis</span> <span class='ocrx_word' id='word_1_79' title='bbox 615 2898 656 2971; x_wconf 89' lang='lat' dir='ltr'>ad</span> <span class='ocrx_word' id='word_1_80' title='bbox 677 2901 919 2989; x_wconf 78' lang='lat' dir='ltr'>exercendam,</span> <span class='ocrx_word' id='word_1_81' title='bbox 946 2926 1044 3000; x_wconf 90' lang='lat' dir='ltr'>quam</span> <span class='ocrx_word' id='word_1_82' title='bbox 1069 2901 1281 2987; x_wconf 87' lang='lat' dir='ltr'>discendam,</span> 
     </span>
     <span class='ocr_line' id='line_1_15' title="bbox 279 3005 1282 3124; baseline -0.004 -27"><span class='ocrx_word' id='word_1_83' title='bbox 279 3026 442 3124; x_wconf 85' lang='lat' dir='ltr'>Logicam</span> <span class='ocrx_word' id='word_1_84' title='bbox 461 3026 572 3099; x_wconf 85' lang='lat' dir='ltr'>valere</span> <span class='ocrx_word' id='word_1_85' title='bbox 589 3023 730 3120; x_wconf 80' lang='lat' dir='ltr'>judicat.</span> <span class='ocrx_word' id='word_1_86' title='bbox 781 3029 930 3104; x_wconf 76' lang='lat' dir='ltr'>Materia</span> <span class='ocrx_word' id='word_1_87' title='bbox 944 3025 1016 3099; x_wconf 83' lang='lat' dir='ltr'>libri</span> <span class='ocrx_word' id='word_1_88' title='bbox 1037 3005 1210 3099; x_wconf 80' lang='lat' dir='ltr'>distributa</span> <span class='ocrx_word' id='word_1_89' title='bbox 1227 3040 1282 3094; x_wconf 88' lang='lat' dir='ltr'>est</span> 
     </span>
     <span class='ocr_line' id='line_1_16' title="bbox 210 3131 1302 3250; baseline -0.005 -24"><span class='ocrx_word' id='word_1_90' title='bbox 210 3213 212 3218; x_wconf 95' lang='lat'><em>.</em></span> <span class='ocrx_word' id='word_1_91' title='bbox 279 3150 316 3226; x_wconf 90' lang='lat' dir='ltr'>in</span> <span class='ocrx_word' id='word_1_92' title='bbox 342 3169 485 3250; x_wconf 86' lang='lat' dir='ltr'>quatuor</span> <span class='ocrx_word' id='word_1_93' title='bbox 508 3131 630 3249; x_wconf 80' lang='lat' dir='ltr'>partes.</span> <span class='ocrx_word' id='word_1_94' title='bbox 683 3152 791 3226; x_wconf 85' lang='lat' dir='ltr'>Prima</span> <span class='ocrx_word' id='word_1_95' title='bbox 819 3172 872 3226; x_wconf 86' lang='lat' dir='ltr'>est</span> <span class='ocrx_word' id='word_1_96' title='bbox 895 3153 939 3226; x_wconf 85' lang='lat' dir='ltr'>de</span> <span class='ocrx_word' id='word_1_97' title='bbox 961 3155 1060 3228; x_wconf 88' lang='lat' dir='ltr'>Vero</span> <span class='ocrx_word' id='word_1_98' title='bbox 1078 3147 1302 3248; x_wconf 81' lang='lat' dir='ltr'>generatim,¹</span> 
     </span>
     <span class='ocr_line' id='line_1_17' title="bbox 206 3265 1319 3376; baseline -0.003 -26"><span class='ocrx_word' id='word_1_99' title='bbox 206 3273 212 3290; x_wconf 53' lang='lat'>⁸</span> <span class='ocrx_word' id='word_1_100' title='bbox 282 3265 776 3376; x_wconf 84' lang='lat' dir='ltr'>Enunciationibus,et1deis.</span> <span class='ocrx_word' id='word_1_101' title='bbox 811 3278 982 3369; x_wconf 88' lang='lat' dir='ltr'>Secunda,</span> <span class='ocrx_word' id='word_1_102' title='bbox 1006 3277 1049 3352; x_wconf 92' lang='lat' dir='ltr'>de</span> <span class='ocrx_word' id='word_1_103' title='bbox 1069 3273 1283 3352; x_wconf 81' lang='lat' dir='ltr'>facultatibus</span> <span class='ocrx_word' id='word_1_104' title='bbox 1316 3273 1319 3278; x_wconf 74' lang='grc'>’</span> 
     </span>
     <span class='ocr_line' id='line_1_18' title="bbox 278 3399 1355 3499; baseline -0.003 -21"><span class='ocrx_word' id='word_1_105' title='bbox 278 3403 453 3489; x_wconf 87' lang='lat' dir='ltr'>bominis,</span> <span class='ocrx_word' id='word_1_106' title='bbox 486 3399 605 3497; x_wconf 91' lang='lat' dir='ltr'>quibus</span> <span class='ocrx_word' id='word_1_107' title='bbox 638 3401 783 3476; x_wconf 75' lang='lat' dir='ltr'>maxime</span> <span class='ocrx_word' id='word_1_108' title='bbox 812 3402 1005 3479; x_wconf 88' lang='lat' dir='ltr'>continetur</span> <span class='ocrx_word' id='word_1_109' title='bbox 1037 3402 1180 3499; x_wconf 86' lang='lat' dir='ltr'>Logicae</span> <span class='ocrx_word' id='word_1_110' title='bbox 1210 3399 1281 3475; x_wconf 91' lang='lat' dir='ltr'>offi·</span> <span class='ocrx_word' id='word_1_111' title='bbox 1351 3423 1355 3430; x_wconf 90' lang='lat'>·</span> 
     </span>
     <span class='ocr_line' id='line_1_19' title="bbox 285 3522 1282 3626; baseline -0.009 -22"><span class='ocrx_word' id='word_1_112' title='bbox 285 3531 394 3618; x_wconf 90' lang='lat' dir='ltr'>cium,</span> <span class='ocrx_word' id='word_1_113' title='bbox 420 3522 622 3617; x_wconf 80' lang='lat' dir='ltr'>Cognitione</span> <span class='ocrx_word' id='word_1_114' title='bbox 644 3548 680 3598; x_wconf 90' lang='lat' dir='ltr'>et</span> <span class='ocrx_word' id='word_1_115' title='bbox 704 3528 886 3604; x_wconf 86' lang='lat' dir='ltr'>Oratione:</span> <span class='ocrx_word' id='word_1_116' title='bbox 922 3554 1058 3626; x_wconf 89' lang='lat' dir='ltr'>quarum</span> <span class='ocrx_word' id='word_1_117' title='bbox 1084 3535 1184 3616; x_wconf 84' lang='lat' dir='ltr'>baec,</span> <span class='ocrx_word' id='word_1_118' title='bbox 1218 3523 1282 3596; x_wconf 89' lang='lat' dir='ltr'>sae·</span> 
     </span>
     <span class='ocr_line' id='line_1_20' title="bbox 282 3645 1283 3747; baseline 0.005 -29"><span class='ocrx_word' id='word_1_119' title='bbox 282 3653 358 3747; x_wconf 91' lang='lat' dir='ltr'>pius</span> <span class='ocrx_word' id='word_1_120' title='bbox 381 3645 608 3742; x_wconf 87' lang='lat' dir='ltr'>praetermissa</span> <span class='ocrx_word' id='word_1_121' title='bbox 630 3651 664 3721; x_wconf 94' lang='lat' dir='ltr'>in</span> <span class='ocrx_word' id='word_1_122' title='bbox 683 3653 909 3742; x_wconf 90' lang='lat' dir='ltr'>compendiis,</span> <span class='ocrx_word' id='word_1_123' title='bbox 937 3677 981 3725; x_wconf 84' lang='lat' dir='ltr'>ex</span> <span class='ocrx_word' id='word_1_124' title='bbox 998 3655 1192 3728; x_wconf 73' lang='lat' dir='ltr'>Dialeblrcis</span> <span class='ocrx_word' id='word_1_125' title='bbox 1210 3651 1283 3724; x_wconf 84' lang='lat' dir='ltr'>fon·</span> 
     </span>
     <span class='ocr_line' id='line_1_21' title="bbox 281 3768 1285 3857; baseline 0.001 -10"><span class='ocrx_word' id='word_1_126' title='bbox 281 3774 372 3847; x_wconf 85' lang='lat' dir='ltr'>tibus</span> <span class='ocrx_word' id='word_1_127' title='bbox 392 3768 551 3857; x_wconf 88' lang='lat' dir='ltr'>ducitur,</span> <span class='ocrx_word' id='word_1_128' title='bbox 584 3791 619 3843; x_wconf 94' lang='lat' dir='ltr'>et</span> <span class='ocrx_word' id='word_1_129' title='bbox 643 3773 684 3845; x_wconf 94' lang='lat' dir='ltr'>ad</span> <span class='ocrx_word' id='word_1_130' title='bbox 710 3773 953 3845; x_wconf 85' lang='lat' dir='ltr'>Grammaticae</span> <span class='ocrx_word' id='word_1_131' title='bbox 975 3774 1215 3848; x_wconf 85' lang='lat' dir='ltr'>institutionem</span> <span class='ocrx_word' id='word_1_132' title='bbox 1231 3800 1285 3848; x_wconf 86' lang='lat' dir='ltr'>ac·</span> 
     </span>
     <span class='ocr_line' id='line_1_22' title="bbox 266 3893 1285 3993; baseline 0.004 -25"><span class='ocrx_word' id='word_1_133' title='bbox 266 3893 526 3975; x_wconf 78' lang='lat' dir='ltr'>commodatur.</span> <span class='ocrx_word' id='word_1_134' title='bbox 569 3898 634 3973; x_wconf 81' lang='lat' dir='ltr'>His</span> <span class='ocrx_word' id='word_1_135' title='bbox 650 3897 777 3972; x_wconf 85' lang='lat' dir='ltr'>duabus</span> <span class='ocrx_word' id='word_1_136' title='bbox 791 3894 956 3993; x_wconf 86' lang='lat' dir='ltr'>partibus,</span> <span class='ocrx_word' id='word_1_137' title='bbox 980 3896 1129 3972; x_wconf 83' lang='lat' dir='ltr'>assumtis</span> <span class='ocrx_word' id='word_1_138' title='bbox 1145 3922 1188 3972; x_wconf 84' lang='lat' dir='ltr'>ex</span> <span class='ocrx_word' id='word_1_139' title='bbox 1204 3903 1285 3973; x_wconf 91' lang='lat' dir='ltr'>Me-</span> 
     </span>
     <span class='ocr_line' id='line_1_23' title="bbox 257 4020 1285 4126; baseline -0.006 -23"><span class='ocrx_word' id='word_1_140' title='bbox 257 4024 453 4126; x_wconf 73' lang='lat' dir='ltr'>⁹tapbysrca</span> <span class='ocrx_word' id='word_1_141' title='bbox 480 4023 649 4115; x_wconf 73' lang='lat' dir='ltr'>doslrina,</span> <span class='ocrx_word' id='word_1_142' title='bbox 674 4042 710 4097; x_wconf 88' lang='lat' dir='ltr'>et</span> <span class='ocrx_word' id='word_1_143' title='bbox 731 4022 893 4099; x_wconf 89' lang='lat' dir='ltr'>substratis</span> <span class='ocrx_word' id='word_1_144' title='bbox 910 4023 1015 4096; x_wconf 90' lang='lat' dir='ltr'>veluti</span> <span class='ocrx_word' id='word_1_145' title='bbox 1038 4020 1285 4114; x_wconf 85' lang='lat' dir='ltr'>fundamentis,</span> 
     </span>
     <span class='ocr_line' id='line_1_24' title="bbox 285 4145 1288 4245; baseline -0.004 -18"><span class='ocrx_word' id='word_1_146' title='bbox 285 4148 386 4228; x_wconf 87' lang='lat' dir='ltr'>tertia</span> <span class='ocrx_word' id='word_1_147' title='bbox 401 4145 631 4240; x_wconf 87' lang='lat' dir='ltr'>superstruitur</span> <span class='ocrx_word' id='word_1_148' title='bbox 644 4171 741 4243; x_wconf 85' lang='lat' dir='ltr'>pars,</span> <span class='ocrx_word' id='word_1_149' title='bbox 765 4170 850 4244; x_wconf 88' lang='lat' dir='ltr'>quae</span> <span class='ocrx_word' id='word_1_150' title='bbox 865 4168 915 4221; x_wconf 90' lang='lat' dir='ltr'>est</span> <span class='ocrx_word' id='word_1_151' title='bbox 930 4147 973 4221; x_wconf 91' lang='lat' dir='ltr'>de</span> <span class='ocrx_word' id='word_1_152' title='bbox 987 4149 1183 4241; x_wconf 87' lang='lat' dir='ltr'>Methodo‚</span> <span class='ocrx_word' id='word_1_153' title='bbox 1208 4173 1288 4245; x_wconf 88' lang='lat' dir='ltr'>pro·</span> 
     </span>
     <span class='ocr_line' id='line_1_25' title="bbox 285 4268 1352 4371; baseline 0.001 -28"><span class='ocrx_word' id='word_1_154' title='bbox 285 4273 461 4368; x_wconf 88' lang='lat' dir='ltr'>priumquc</span> <span class='ocrx_word' id='word_1_155' title='bbox 487 4268 586 4371; x_wconf 68' lang='lat' dir='ltr'>ipsius</span> <span class='ocrx_word' id='word_1_156' title='bbox 615 4271 764 4368; x_wconf 88' lang='lat' dir='ltr'>Logicae</span> <span class='ocrx_word' id='word_1_157' title='bbox 793 4274 941 4349; x_wconf 87' lang='lat' dir='ltr'>officium</span> <span class='ocrx_word' id='word_1_158' title='bbox 973 4273 1148 4348; x_wconf 88' lang='lat' dir='ltr'>continet:</span> <span class='ocrx_word' id='word_1_159' title='bbox 1187 4273 1284 4367; x_wconf 82' lang='lat' dir='ltr'>hujus</span> <span class='ocrx_word' id='word_1_160' title='bbox 1347 4324 1352 4337; x_wconf 89' lang='lat'><em>.</em></span> 
     </span>
     <span class='ocr_line' id='line_1_26' title="bbox 128 4393 1287 4494; baseline -0.003 -23"><span class='ocrx_word' id='word_1_161' title='bbox 128 4412 131 4421; x_wconf 84' lang='grc'><strong>“</strong></span> <span class='ocrx_word' id='word_1_162' title='bbox 185 4460 188 4467; x_wconf 98' lang='grc'>.</span> <span class='ocrx_word' id='word_1_163' title='bbox 284 4394 416 4471; x_wconf 90' lang='lat' dir='ltr'>initium</span> <span class='ocrx_word' id='word_1_164' title='bbox 445 4393 579 4473; x_wconf 87' lang='lat' dir='ltr'>ducitur</span> <span class='ocrx_word' id='word_1_165' title='bbox 612 4398 653 4471; x_wconf 89' lang='lat' dir='ltr'>ab</span> <span class='ocrx_word' id='word_1_166' title='bbox 682 4397 904 4494; x_wconf 88' lang='lat' dir='ltr'>explicatione</span> <span class='ocrx_word' id='word_1_167' title='bbox 934 4401 1101 4476; x_wconf 89' lang='lat' dir='ltr'>variorum</span> <span class='ocrx_word' id='word_1_168' title='bbox 1126 4418 1287 4494; x_wconf 85' lang='lat' dir='ltr'>generum</span> 
     </span>
     <span class='ocr_line' id='line_1_27' title="bbox 285 4521 1331 4618; baseline -0.005 -19"><span class='ocrx_word' id='word_1_169' title='bbox 285 4521 474 4614; x_wconf 73' lang='lat' dir='ltr'>Methodi,</span> <span class='ocrx_word' id='word_1_170' title='bbox 507 4542 542 4596; x_wconf 93' lang='lat' dir='ltr'>et</span> <span class='ocrx_word' id='word_1_171' title='bbox 569 4548 588 4597; x_wconf 90' lang='lat' dir='ltr'>a</span> <span class='ocrx_word' id='word_1_172' title='bbox 609 4522 838 4618; x_wconf 88' lang='lat' dir='ltr'>disputatione</span> <span class='ocrx_word' id='word_1_173' title='bbox 861 4526 905 4599; x_wconf 89' lang='lat' dir='ltr'>de</span> <span class='ocrx_word' id='word_1_174' title='bbox 933 4525 1030 4599; x_wconf 90' lang='lat' dir='ltr'>Nota</span> <span class='ocrx_word' id='word_1_175' title='bbox 1054 4523 1168 4600; x_wconf 85' lang='lat' dir='ltr'>Veri:</span> <span class='ocrx_word' id='word_1_176' title='bbox 1202 4545 1285 4618; x_wconf 86' lang='lat' dir='ltr'>quae</span> <span class='ocrx_word' id='word_1_177' title='bbox 1328 4610 1331 4615; x_wconf 21' lang='lat'>¹</span> 
     </span>
     <span class='ocr_line' id='line_1_28' title="bbox 183 4648 1287 4749; baseline -0.005 -24"><span class='ocrx_word' id='word_1_178' title='bbox 183 4702 187 4725; x_wconf 83' lang='lat'><em>.</em></span> <span class='ocrx_word' id='word_1_179' title='bbox 287 4650 435 4729; x_wconf 70' lang='lat' dir='ltr'>doctrina</span> <span class='ocrx_word' id='word_1_180' title='bbox 465 4648 670 4746; x_wconf 89' lang='lat' dir='ltr'>potissnnum</span> <span class='ocrx_word' id='word_1_181' title='bbox 694 4649 736 4721; x_wconf 85' lang='lat' dir='ltr'>ad</span> <span class='ocrx_word' id='word_1_182' title='bbox 769 4653 936 4726; x_wconf 85' lang='lat' dir='ltr'>Veterum</span> <span class='ocrx_word' id='word_1_183' title='bbox 960 4650 1210 4749; x_wconf 87' lang='lat' dir='ltr'>intelligentiam</span> <span class='ocrx_word' id='word_1_184' title='bbox 1236 4671 1287 4722; x_wconf 86' lang='lat' dir='ltr'>re·</span> 
     </span>
     <span class='ocr_line' id='line_1_29' title="bbox 286 4774 1287 4871; baseline -0.015 -15"><span class='ocrx_word' id='word_1_185' title='bbox 286 4780 414 4868; x_wconf 90' lang='lat' dir='ltr'>fertur,</span> <span class='ocrx_word' id='word_1_186' title='bbox 440 4797 483 4849; x_wconf 86' lang='lat' dir='ltr'>ex</span> <span class='ocrx_word' id='word_1_187' title='bbox 500 4797 682 4871; x_wconf 89' lang='lat' dir='ltr'>eorumque</span> <span class='ocrx_word' id='word_1_188' title='bbox 705 4774 855 4849; x_wconf 85' lang='lat' dir='ltr'>sontibus</span> <span class='ocrx_word' id='word_1_189' title='bbox 872 4777 988 4852; x_wconf 87' lang='lat' dir='ltr'>hausta</span> <span class='ocrx_word' id='word_1_190' title='bbox 1011 4797 1080 4852; x_wconf 89' lang='lat' dir='ltr'>est:</span> <span class='ocrx_word' id='word_1_191' title='bbox 1105 4778 1287 4868; x_wconf 89' lang='lat' dir='ltr'>sequuntur</span> 
     </span>
     <span class='ocr_line' id='line_1_30' title="bbox 289 4890 1286 5002; baseline -0.007 -27"><span class='ocrx_word' id='word_1_192' title='bbox 289 4907 412 5002; x_wconf 85' lang='lat' dir='ltr'>reliqua</span> <span class='ocrx_word' id='word_1_193' title='bbox 443 4904 514 4999; x_wconf 85' lang='lat' dir='ltr'>ejus</span> <span class='ocrx_word' id='word_1_194' title='bbox 540 4900 643 5000; x_wconf 86' lang='lat' dir='ltr'>partis</span> <span class='ocrx_word' id='word_1_195' title='bbox 666 4898 802 4995; x_wconf 85' lang='lat' dir='ltr'>capita,</span> <span class='ocrx_word' id='word_1_196' title='bbox 835 4890 879 4973; x_wconf 85' lang='lat' dir='ltr'>de</span> <span class='ocrx_word' id='word_1_197' title='bbox 900 4905 1091 4978; x_wconf 87' lang='lat' dir='ltr'>Verborum</span> <span class='ocrx_word' id='word_1_198' title='bbox 1120 4900 1207 4990; x_wconf 90' lang='lat' dir='ltr'>usu,</span> <span class='ocrx_word' id='word_1_199' title='bbox 1242 4897 1286 4969; x_wconf 92' lang='lat' dir='ltr'>de</span> 
     </span>
     <span class='ocr_line' id='line_1_31' title="bbox 290 5024 1285 5126; baseline 0.001 -27"><span class='ocrx_word' id='word_1_200' title='bbox 290 5029 522 5117; x_wconf 88' lang='lat' dir='ltr'>Definiendo,</span> <span class='ocrx_word' id='word_1_201' title='bbox 568 5024 796 5115; x_wconf 88' lang='lat' dir='ltr'>Dividendo,</span> <span class='ocrx_word' id='word_1_202' title='bbox 849 5050 885 5103; x_wconf 92' lang='lat' dir='ltr'>et</span> <span class='ocrx_word' id='word_1_203' title='bbox 928 5027 1203 5126; x_wconf 84' lang='lat' dir='ltr'>Argumentando</span> <span class='ocrx_word' id='word_1_204' title='bbox 1249 5027 1285 5100; x_wconf 92' lang='lat' dir='ltr'>in</span> 
     </span>
     <span class='ocr_line' id='line_1_32' title="bbox 291 5150 1339 5249; baseline 0.011 -29"><span class='ocrx_word' id='word_1_205' title='bbox 291 5168 433 5243; x_wconf 90' lang='lat' dir='ltr'>utroque</span> <span class='ocrx_word' id='word_1_206' title='bbox 487 5176 610 5249; x_wconf 82' lang='lat' dir='ltr'>genere</span> <span class='ocrx_word' id='word_1_207' title='bbox 664 5150 899 5249; x_wconf 74' lang='lat' dir='ltr'>Evidentiae,</span> <span class='ocrx_word' id='word_1_208' title='bbox 951 5152 1199 5230; x_wconf 88' lang='lat' dir='ltr'>Mathematico</span> <span class='ocrx_word' id='word_1_209' title='bbox 1248 5180 1285 5231; x_wconf 89' lang='lat' dir='ltr'>et</span> <span class='ocrx_word' id='word_1_210' title='bbox 1337 5218 1339 5224; x_wconf 89' lang='lat'><em>.</em></span> 
     </span>
    </p>
   </div>
   <div class='ocr_carea' id='block_1_4' title="bbox 291 5273 1289 5503">
    <p class='ocr_par' dir='ltr' id='par_1_4' title="bbox 291 5273 1289 5503">
     <span class='ocr_line' id='line_1_33' title="bbox 291 5273 1286 5384; baseline 0.003 -31"><span class='ocrx_word' id='word_1_211' title='bbox 291 5273 426 5353; x_wconf 85' lang='lat' dir='ltr'>Morali.</span> <span class='ocrx_word' id='word_1_212' title='bbox 480 5278 607 5384; x_wconf 82' lang='lat' dir='ltr'>Quarta</span> <span class='ocrx_word' id='word_1_213' title='bbox 630 5300 705 5376; x_wconf 85' lang='lat' dir='ltr'>pars</span> <span class='ocrx_word' id='word_1_214' title='bbox 732 5295 841 5360; x_wconf 88' lang='lat' dir='ltr'>totum</span> <span class='ocrx_word' id='word_1_215' title='bbox 869 5281 957 5359; x_wconf 90' lang='lat' dir='ltr'>illurn</span> <span class='ocrx_word' id='word_1_216' title='bbox 980 5300 1173 5380; x_wconf 87' lang='lat' dir='ltr'>apparatum</span> <span class='ocrx_word' id='word_1_217' title='bbox 1195 5308 1286 5359; x_wconf 91' lang='lat' dir='ltr'>com·</span> 
     </span>
     <span class='ocr_line' id='line_1_34' title="bbox 1191 5428 1289 5503; baseline 0.082 -25"><span class='ocrx_word' id='word_1_218' title='bbox 1191 5428 1289 5503; x_wconf 83' lang='lat' dir='ltr'>pont</span> 
     </span>
    </p>
   </div>
   <div class='ocr_carea' id='block_1_5' title="bbox 0 0 1469 7092">
    <p class='ocr_par' dir='ltr' id='par_1_5' title="bbox 0 0 1469 7092">
     <span class='ocr_line' id='line_1_35' title="bbox 0 0 1469 7092; baseline 0 0"><span class='ocrx_word' id='word_1_219' title='bbox 0 0 1469 7092; x_wconf 95' lang='lat' dir='ltr'> </span> 
     </span>
    </p>
   </div>
  </div>
 </body>
</html>
