2900 7100
219 1833 225 1848 ι
403 1720 686 1848 anans.
721 1729 1096 1842 ammona„
1165 1771 1241 1846 -μ,

230 1909 295 2009 niti
314 1909 443 2038 'p'ohhit
466 1911 616 2014 &omia
639 1944 681 2004 ‘tt
700 1911 765 2004 aa}
784 1917 1002 2019 contrait-215·
1014 1920 1045 2005 ir
1065 1931 1121 2029 τᾷῖ
1145 1961 1241 2042 fga·-

226 2053 382 2162 *sriptura
419 2045 454 2136 ni
480 2053 608 2145 citui.
682 2055 856 2155 Primum,
890 2063 977 2138 nulla
1006 2066 1117 2148 caussa
1148 2090 1234 2164 est,

223 2197 322 2284 quare
334 2181 405 2257 hoc
417 2201 543 2271 unum,
562 2201 731 2280 tamquam
752 2187 794 2261 ab
810 2187 879 2263 aliis
897 2206 1094 2286 acceptum,
1110 2192 1236 2269 referat

224 2308 393 2408 scriptor,
418 2329 497 2383 tum
527 2311 590 2387 alia
611 2311 722 2386 omnia
748 2332 793 2386 ex
816 2310 872 2385 sua
902 2310 972 2407 ipse
995 2314 1133 2409 persona
1158 2340 1234 2393 nar.
1290 2295 1292 2300 ’

225 2441 289 2508 reu
345 2433 485 2508 Deinde
504 2416 643 2520 &pach
668 2434 787 2509 meiius
817 2434 980 2511 convenit
1016 2435 1098 2510 huic
1127 2438 1232 2532 loco,

227 2579 325 2657 quam
349 2538 470 2630 mni.
506 2558 592 2633 Hoc
610 2556 694 2632 illius
715 2558 1069 2653 interpretamentum,
1094 2563 1235 2661 margini
1332 2565 1339 2614 :

207 2683 446 2784 ,adscriptum
487 2700 617 2760 temere
658 2682 694 2760 in
728 2681 914 2758 orationem
952 2683 1129 2758 invecium
1165 2707 1231 2760 est.
1313 2747 1320 2756 ,

225 2810 346 2886 Postu
365 2809 432 2885 fuit
453 2811 555 2906 ahur,
579 2809 640 2909 qui
666 2785 825 2893 ἀφασίαν
848 2805 885 2880 in
915 2784 1048 2886 ’ἔφασαν
1070 2828 1232 2904 mutaret,

222 2934 341 3034 Atque
358 2958 404 3014 ex
422 2935 490 3014 hoc
507 2936 636 3037 duplici
655 2935 753 3011 sonte
779 2931 869 3007 labes
893 2931 1035 3009 manass'e
1057 2935 1206 3012 videtur.

228 3064 309 3136 11,
343 3061 413 3141 IV.
445 3063 646 3161 Ageiilaus,
677 3058 712 3134 in
750 3059 830 3135 Asta
862 3075 979 3134 contro
1016 3059 1128 3135 Persas
1156 3081 1233 3134 rem

222 3181 382 3281 prospere
403 3203 552 3282 gerens,
576 3200 795 3259 revocatura
820 3181 990 3281 Spartanis
1015 3181 1057 3255 ad
1083 3182 1227 3272 bellum,
1294 3239 1303 3252 ,

222 3305 314 3405 quod
347 3326 464 3382 contra
498 3307 585 3408 ipsos
616 3325 793 3385 moverant
828 3307 986 3384 Thebani
1008 3330 1084 3380 cum
1114 3306 1226 3381 Athe·

223 3433 391 3508 niensibus
423 3451 527 3525 atque
557 3432 740 3507 Corinthiis
768 3434 903 3531 aliisque
939 3430 1060 3520 sociis,
1093 3430 1230 3530 propur-

220 3556 369 3633 sandum.
422 3555 550 3631 Redux
577 3553 753 3630 hostetin
782 3557 950 3635 Thessalia
982 3560 1102 3637 vincit.
1159 3557 1227 3635 Sed

220 3680 341 3756 eodem
374 3699 528 3780 tempore
558 3680 741 3776 Pisandes,
772 3687 844 3782 ejus
878 3711 921 3762 ex
949 3688 1059 3763 sorore
1089 3709 1225 3781 nepos,

220 3809 325 3885 navali
344 3811 472 3918 praelio
496 3805 652 3884 unditus
679 3808 724 3882 ad
749 3810 920 3903 Cnidum,
952 3812 1057 3911 copiis
1081 3810 1225 3886 Pharna·

219 3929 312 4024 bazi,
336 3934 442 4012 duaa
455 3935 623 4015 Cononis:
649 3931 726 4031 qui,
752 3935 904 4013 Athenas
928 3941 1005 4016 inde
1020 3936 1223 4038 profeoius,

218 4060 528 4160 murosflinshunm
543 4060 584 4138 ἃ
606 4061 706 4134 maris
725 4061 899 4160 imperium
920 4070 1047 4162 patriae
1070 4063 1226 4138 restituit.

217 4186 351 4264 Interea
370 4188 589 4288 progrediens
612 4184 786 4283 Agesilaus
809 4189 913 4268 socios
942 4192 1054 4267 fundit
1084 4189 1126 4264 ad
1158 4188 1226 4261 Co·

216 4334 365 4393 sonetur.
412 4313 662 4391 Corinthiorum
689 4338 764 4412 pars
797 4341 875 4392 cum
909 4319 1078 4416 Spartanis
1104 4330 1223 4415 pacem

218 4435 433 4522 meditatam
462 4437 581 4530 uude,
604 4439 655 4513 illo
685 4442 766 4516 urbe
789 4441 831 4512 ab
863 4440 1000 4537 Argivis
1029 4456 1221 4532 occupata,

219 4561 298 4639 beh‘
326 4558 424 4635 sedes
451 4560 541 4635 citca
568 4583 640 4636 eam
671 4566 893 4642 constituitur.
948 4564 1054 4639 Varia
1088 4557 1225 4631 fortuna

218 4707 398 4790 pugnatur.
454 4687 633 4787 Iphicratis
658 4692 760 4765 etiarn
804 4690 912 4764 virtus
954 4682 1135 4768 inclaruit,
1166 4673 1226 4775 qui

219 4799 576 4892 Lacedaemoniorum¹
593 4819 730 4893 Moram
766 4816 931 4908 conficit,
970 4815 1012 4887 ab
1045 4826 1229 4904 eorumque

219 4940 258 5017 vi
281 4942 468 5020 Corinthios
496 4942 662 5029 defendit,
712 4947 877 5017 Ceterum
902 4962 945 5014 ex
967 4937 1065 5014 Afiue
1091 4956 1227 5035 quoque

219 5067 359 5143 urbibus
385 5070 593 5168 expelluntur
615 5063 915 5156 Laecedaemonii,
941 5085 1044 5164 opera
1059 5063 1228 5140 cononisc

204 5189 277 5287 oc,
291 5191 391 5268 variis
416 5190 530 5269 afletai
554 5195 701 5270 cladibus
718 5191 910 5286 navalibus,
936 5192 1073 5269 tandem
1101 5189 1229 5265 Teleu·
1326 5270 1332 5279 f

217 5317 264 5402 sia
284 5315 374 5399 duce
397 5304 690 5406 ren'uaritunun
719 5338 763 5390 ex
787 5336 882 5416 parte
905 5329 1116 5417 recuperant,
1169 5301 1227 5504 pi·

723 5444 758 5522 G
782 5469 803 5525 2
1153 5442 1167 5501 t
1193 5442 1231 5518 Θῆ
