2900 7100
172 1136 1347 1380 —

303 1658 737 1812 'castinum
785 1710 1062 1843 nn.1³..···an
1152 1730 1202 1832 23
1240 1734 1248 1748 ·

215 1908 291 2019 pet,
306 1886 426 1963 nullam
449 1884 543 1959 aliam
569 1905 706 1981 gentem
730 1886 818 1977 erse,
839 1907 924 1982 quae
945 1888 1008 1983 hac
1030 1891 1126 1964 laude
1149 1912 1207 1985 an·

219 2017 352 2117 tecellat
374 2007 486 2101 Italis,
510 2010 595 2105 qui,
621 2033 660 2084 ut
682 2011 840 2109 superiori
866 2014 962 2111 hujus
984 2017 1211 2113 Bibliothecae¹

218 2121 313 2243 parte
330 2141 400 2238 jam
420 2137 547 2212 dilium
565 2155 617 2209 ert
632 2191 642 2226 ,
659 2136 700 2208 ad
728 2140 812 2207 bene
839 2136 882 2206 de
906 2141 1120 2238 Antiquitate
1142 2167 1213 2217 me.

211 2266 357 2366 rendum
377 2264 476 2357 ipsius
494 2260 551 2333 soli
571 2260 825 2354 opportunitate
851 2260 1054 2357 invitantur,
1072 2268 1109 2341 ἃ
1130 2292 1226 2366 prae.

215 2390 286 2469 aliis
311 2382 492 2484 populisin
515 2382 582 2455 hoc
599 2379 775 2477 genere&
794 2380 938 2458 studiose
960 2385 998 2478 ᾃ
1023 2391 1217 2482 constanter

220 2516 402 2594 elaborant.
479 2536 483 2541 ·
736 2537 742 2550 =
1013 2498 1017 2507 ’
1206 2506 1209 2512 “
1306 2487 1311 2495 ’

266 2642 320 2715 Ex
343 2638 470 2711 illorum
491 2654 631 2727 numero
651 2652 731 2707 ante
750 2632 850 2724 hosce
872 2634 941 2728 duo
957 2658 1063 2720 annos
1084 2638 1215 2738 ingenti

219 2770 292 2867 pos'
305 2759 471 2837 beneficio
493 2739 610 2853 affecit
634 2761 755 2832 Petrus
787 2761 983 2838 Franciscus
1009 2745 1216 2863 Fogginius,
1240 2851 1248 2861 l

220 2887 270 2968 v.
293 2873 370 2976 ct,
391 2887 449 2984 qui
465 2871 621 2980 Verrium
641 2887 813 2975 Flaccum,
846 2890 941 2986 cujus
961 2888 1097 2986 quidem
1123 2891 1212 2990 frag.

213 3035 332 3095 menta
348 3010 528 3110 quaedam,
541 3036 586 3087 ex
606 3014 677 3109 ejus
695 3014 853 3110 operibus
868 3014 924 3087 hic
942 3014 1009 3087 illic
1028 3015 1226 3110 custodita,¹
1249 3075 1251 3079 .

219 3145 442 3237 moveramus,
468 3140 585 3210 Factos
603 3160 688 3209 vcro
715 3139 947 3223 Praenestinos
970 3142 1107 3215 omnino
1122 3141 1218 3236 igno·

219 3261 427 3355 rabamus‚e
452 3260 602 3357 sepulcro
621 3259 708 3353 quast
737 3260 771 3331 in
798 3261 907 3332 lucem
931 3259 969 3334 ὅι
991 3261 1096 3335 vitam
1118 3286 1219 3337 revo·
1325 3360 1327 3363 y

220 3389 333 3477 cavit,
360 3410 468 3483 eoque
486 3410 562 3459 cum
587 3382 740 3459 historiae
759 3383 937 3479 antiquae,
964 3405 1038 3459 tum
1062 3411 1147 3464 vero
1170 3390 1222 3482 rei
1303 3470 1306 3477 ¹

219 3508 405 3607 Literariae
431 3508 674 3587 inuniversum
693 3514 828 3608 egregie
851 3498 1023 3586 consuluit.

229 3641 488 3743 'Quapropter
524 3659 584 3709 nos
621 3634 754 3732 quidem
787 3632 998 3715 committere
1016 3640 1216 3733 noluimus,

219 3764 305 3865 quin
337 3760 644 3861 praestantissimum
673 3757 896 3853 Antiquitatis
935 3784 1218 3858 monumentum,

219 3889 309 3992 quod
334 3912 394 3987 per
417 3905 472 3962 tot
497 3887 604 3960 secula
627 3884 752 3968 latuit,
779 3881 914 3975 jamque
940 3883 982 3951 ab
1005 3884 1112 3978 aliquo
1134 3909 1220 3980 tem·
1347 3880 1349 3885 ¹

217 4041 302 4114 pore
327 4015 360 4085 in
383 4033 501 4104 magna
528 4026 581 4076 est
608 4002 815 4094 eruditorum
844 4005 1119 4101 exspeelatione,
1156 4013 1218 4089 hac
1285 4000 1287 4006 ’
1315 4064 1319 4069 .

218 4136 399 4235 scriptione
414 4152 526 4208 nostra
544 4154 642 4230 quam
664 4125 807 4223 primum
829 4130 871 4204 ad
888 4132 1061 4207 hominum
1086 4154 1221 4212 nostro·

218 4271 293 4361 rum
319 4261 473 4336 notitiam
492 4258 679 4354 perveniat.
1180 4239 1183 4245 ’

229 4394 234 4399 ’
269 4388 406 4466 Scilicet
445 4383 678 4459 nobilissimum
718 4385 1009 4478 Grammaticum,
1056 4388 1217 4470 Verrium

219 4520 398 4602 Flaccum,
430 4535 508 4583 cum
537 4509 681 4580 docendi
711 4498 840 4582 ratione
864 4510 922 4582 sibi
955 4534 1078 4587 nomen
1107 4540 1218 4610 paras.

219 4641 288 4730 set,
315 4635 355 4712 ἃ
383 4637 424 4708 ab
449 4635 608 4727 Augusto
631 4632 820 4707 Caesaribus
848 4634 935 4707 esset
962 4634 1060 4709 datus
1077 4638 1218 4735 praece'·
1340 4613 1343 4618 ¹

216 4765 318 4868 pror,
345 4762 380 4836 in
403 4759 564 4835 Palatium
590 4784 667 4833 cum
697 4777 770 4849 tota
806 4759 914 4834 schola
944 4762 1122 4857 transiisse,
1154 4764 1216 4839 sta·
1339 4860 1342 4865 q

220 4909 379 4986 tuamque
408 4885 558 4958 habuisse
583 4891 752 4961 Praeneste
785 4889 818 4980 in
853 4885 1001 4979 inferiore
1017 4887 1098 4983 fori
1125 4906 1219 4989 parte

217 5007 335 5092 rantra·
353 5015 579 5109 hemicyclum,
612 5018 645 5085 in
666 5039 721 5108 quo
750 5012 862 5107 Fastor
886 5036 908 5084 a
927 5010 968 5109 se
997 5014 1153 5091 ordinatos
1172 5015 1217 5099 8

223 5139 392 5218 marmoreo
414 5145 533 5233 parieti
552 5136 624 5240 (vel
643 5158 680 5211 ut
699 5139 800 5213 estin
817 5135 902 5211 aliis:
929 5163 1079 5215 marmore
1095 5141 1216 5241 petite)

216 5262 335 5372 incisus
355 5265 534 5375 publicoru
545 5316 561 5366 ,
581 5286 602 5338 e
623 5263 787 5343 Suetonio
807 5263 844 5347 iu
866 5261 938 5361 vita
961 5265 1124 5357 Verrjma
1154 5259 1218 5336 viri
1260 5325 1271 5340 ‚

291 5416 373 5423 ·
482 5374 525 5394 ”
695 5386 943 5489 Ε5”
1092 5381 1215 5476 eruditi
