2900 7100
1008 1161 1012 1168 ι

671 1371 674 1384 p
934 1371 938 1378 ι

566 1403 574 1412 ι

101 1407 107 1438 Ι
416 1411 427 1440 ‚¹
930 1429 937 1440 ,

101 1459 107 1466 .
394 1477 396 1482 Ι
573 1447 577 1454 ’
698 1457 702 1488 g
845 1451 850 1458 ¹
1169 1477 1172 1482 .
1309 1471 1314 1480 .

496 1501 500 1512 ι
562 1501 566 1508 ·
1214 1507 1217 1512 ,

1015 1519 1020 1532 t

218 1679 230 1730 ’-
306 1657 1109 1782 ¹RE'LnTJONlls,131t.l··.le‚ths.
1163 1693 1229 1762 iai

194 1933 196 1938 ,
235 1850 421 1930 imbuendis
436 1845 577 1949 ingeniis
588 1845 739 1958 diligenti
749 1833 905 1926 veterum
920 1852 1241 1934 Audlontm'leffioi

234 1967 303 2071 rie3
321 2001 373 2054 -ex
396 2001 513 2052 eorum
533 1983 673 2048 nurnero
687 1972 757 2072 ipse
771 1977 980 2073 gravisfimos
1004 1982 1127 2081 elegit,
1159 2007 1236 2060 eos·

235 2128 303 2206 que
323 2102 531 2203 frequentius
558 2099 811 2195 accuratiusque
833 2103 868 2174 in
894 2107 1079 2200 Gymnasiis
1099 2111 1236 2188 tractari
1257 2161 1264 2173 ,

212 2229 338 2328 .jussrt.
393 2228 499 2321 Igitur
524 2226 572 2298 Ill.
597 2222 789 2311 Zedlizius,
822 2228 1075 2305 Academiarum
1100 2238 1236 2316 Schola·

101 2421 105 2430 .
231 2369 377 2440 rumque
395 2345 641 2418 Botussrcarum
658 2345 819 2433 Cur-ator,
837 2346 891 2418 vir
904 2348 946 2419 de
964 2355 1094 2426 tuendis
1113 2383 1235 2451 prove.

109 2485 115 2494 “
234 2470 421 2568 hendisqtre
445 2464 669 2540 dominarum
685 2465 801 2542 studiis
819 2469 1064 2564 meritissimus,
1101 2501 1236 2587 opernm

236 2593 360 2684 dedit,
397 2611 437 2666 ut
458 2591 598 2672 salutare
621 2591 789 2668 confilium
805 2593 965 2692 prudenti
992 2595 1122 2672 ratione
1152 2625 1237 2680 con·
1280 2635 1284 2644 ·

103 2805 107 2812 Ι
235 2719 419 2811 ficeretur,
458 2739 568 2813 neque
583 2744 585 2749 ·
603 2735 734 2791 tantum
767 2720 810 2794 ad
847 2726 1028 2797 verborum
1067 2722 1236 2820 cognitio-

111 2927 119 2940 ,
232 2868 338 2937 nem,
369 2843 452 2935 sed,
483 2837 575 2941 quod
603 2842 637 2916 iu
665 2845 779 2939 primis
808 2847 896 2920 Rex.
915 2833 1156 2943 spectaverat,
1190 2847 1235 2924 ad
1351 2903 1354 2908 -

231 2995 341 3048 terum
381 2971 554 3047 scientiam
597 2988 633 3042 et
679 2970 773 3046 vitae
823 2971 918 3046 usum
964 2993 1236 3056 converteretur.
1281 2997 1285 3004 ·
1333 3013 1339 3030 ·

228 3096 276 3169 Et
297 3094 490 3192 provinciae
518 3094 614 3189 hujus
637 3113 748 3189 partes
770 3098 860 3171 inter
880 3095 1004 3172 doetus
1027 3098 1118 3200 uiros
1141 3080 1254 3179 com-
1284 3083 1290 3092 ⁵

230 3219 342 3317 plures
364 3214 551 3301 distribuit3
577 3237 616 3289 ut
639 3216 696 3289 alii·
713 3217 748 3290 in
769 3216 1011 3292 conscribendis
1036 3220 1124 3294 libris
1140 3223 1234 3300 scho-

234 3344 375 3435 lasticis,
398 3342 451 3415 alii
468 3344 500 3414 in
517 3340 655 3413 edendis
674 3337 898 3432 Auctoribus,
926 3342 978 3416 alii
991 3343 1026 3418 in
1041 3351 1232 3444 vertendis,

234 3468 288 3542 alii
311 3469 349 3541 in
371 3467 597 3563 explicandis,
620 3466 672 3538 alii
693 3465 836 3564 denique
857 3466 891 3542 in
908 3467 1103 3568 designanda
1128 3479 1233 3576 expli·
1345 3501 1349 3526 ¹

233 3591 371 3667 cationis
397 3590 453 3664 via
477 3591 681 3678 erratione,
707 3617 842 3689 operam
868 3596 1079 3674 collocarent.
1131 3606 1233 3677 Cete-

233 3740 327 3805 rum,
351 3712 581 3812 explicationis
605 3739 676 3791 eam
693 3721 857 3793 rationem
876 3720 1069 3811 constituit,
1095 3729 1233 3802 auclore

234 3832 396 3940 Engelio,
421 3840 496 3913 viro
520 3840 763 3915 venustissimae
791 3840 981 3928 doetrinae,
1008 3862 1046 3913 ut
1064 3868 1140 3918 cum
1157 3871 1235 3923 ver.

234 3966 351 4039 borum
370 3964 569 4060 linguaeque
590 3962 784 4060 cognitione
807 3984 915 4035 rerum
938 3962 1074 4039 scientia
1096 3968 1235 4064 conjun-

234 4111 378 4190 geretur.
438 4093 558 4187 Itaque
592 4088 797 4165 dofflsstmus
836 4088 1027 4182 Gedikius,
1062 4094 1234 4190 Gymnafii

235 4216 445 4292 Fridericiani
469 4212 655 4304 Direttor,
689 4237 767 4286 cnm
798 4216 877 4288 alios
901 4192 1068 4290 iluclores
1091 4218 1132 4293 ad
1155 4221 1232 4299 alias

232 4343 401 4419 doetrinae
418 4360 528 4436 partes
543 4336 754 4411 addiscendas
772 4337 933 4442 tironibus
951 4344 1134 4436 explicuit,
1158 4368 1233 4423 tutu
1327 4396 1331 4403 -

233 4464 380 4541 Platonis
412 4463 719 4558 interpretationem
753 4464 916 4555 ejusmodi
949 4466 1120 4559 aggressus
1156 4488 1231 4558 est,

173 4578 178 4587 ’
233 4612 319 4687 quae
340 4587 380 4662 ad
401 4585 594 4660 facultatem
617 4587 815 4677 disserendi,
840 4588 917 4673 seu,
944 4585 1126 4681 Logicam,
1151 4613 1234 4667 con·

230 4711 426 4811 sequendam
459 4712 709 4788 accommodata
744 4712 840 4785 essct.
908 4708 971 4784 Cui
1002 4709 1167 4790 instituto¹
1186 4740 1231 4794 ne

230 4820 360 4915 deesset
387 4839 615 4934 exemplorum
642 4838 761 4935 copia,
787 4834 970 4927 Biesterus,
995 4835 1049 4909 vir
1072 4839 1232 4956 elegaqtit

142 4988 159 5017 ·-
230 4964 402 5041 doctrinae
418 4966 573 5058 idemque
599 4964 748 5039 Zedlizio
766 4964 808 5036 ab
822 4958 985 5059 epistolis,
1011 4961 1070 5035 lios
1087 4985 1231 5061 quatuor
1321 5052 1337 5061 ‚

232 5093 391 5190 Dialogos
416 5090 533 5165 edidit.
583 5090 639 5162 De
656 5092 762 5186 cujus.
773 5088 928 5163 editionis
943 5087 1071 5162 ratione
1088 5089 1230 5167 fortasse

143 5204 149 5217 ¹
226 5216 291 5291 alio
318 5238 469 5314 ternpore
495 5212 658 5312 copiosius
678 5237 896 5311 exponemus.
946 5215 1054 5292 Nunc
1076 5213 1229 5291 universe

586 5430 593 5445 ¹
721 5338 809 5431 Hs
1164 5327 1226 5425 liga
1302 5370 1308 5385 ¹
