2900 7100
263 1721 1012 1829 iaulaluuasiurivrours
1098 1744 1150 1853 §3¹

161 1924 327 2002 brevitate
354 1923 532 2021 specnuirn
563 1923 831 2001 observationum
860 1907 906 1999 err
937 1934 1033 2000 tanta
1052 1919 1151 2026 copia

157 2049 335 2149 proferre:
380 2050 472 2147 quod
511 2046 580 2123 alio¹
616 2048 754 2125 fortasse
797 2065 949 2147 tempore
981 2051 1154 2130 faciemus:
1276 2069 1280 2080 '

134 2176 323 2294 ⁸Universe
347 2175 518 2248 materiam¹
539 2196 579 2247 ac
601 2174 764 2246 rationem
790 2174 900 2267 operis'
922 2175 1153 2272 significemus.¹

157 2301 405 2399 Argumentum
429 2299 623 2369 continetur
647 2295 718 2365 fere
745 2311 840 2392 parte
863 2297 1055 2375 Latinartnn
1077 2303 1152 2378 lite.

142 2446 268 2522 aarum
301 2419 373 2508 ea,
405 2439 489 2515 quae
518 2440 594 2500 cum
618 2416 826 2492 Scholastica¹
843 2413 1049 2495 institutione
1072 2439 1163 2503 eon-⁰

156 2545 275 2644 junbla
302 2560 368 2617 est·
415 2541 524 2638 Igitur
550 2543 700 2618 nonnulli
725 2542 947 2640 Antiquitatis
976 2547 1150 2624 Romanae

160 2665 228 2744 luci
255 2684 487 2764 exponuntur,
520 2666 628 2741 veluti
652 2665 822 2742 de'rebus
850 2666 1035 2763 Civilibus,
1066 2675 1154 2750 Mo.

130 2835 132 2839 ·
161 2794 277 2883 ribus,
301 2794 449 2891 legibus
462 2796 476 2867 ε’
506 2793 549 2866 de
572 2794 764 2868 Verborum
797 2787 1044 2894 Diilorumqtie
1068 2809 1156 2898 quui

160 2918 309 2992 rumdam
341 2916 527 2990 Latinitate
552 2918 764 3013 disputatur:
790 2917 854 2991 loci
875 2918 982 2992 etiarn
1003 2921 1152 3016 Scripto-

161 3067 235 3116 rum
255 3043 457 3128 tradantur,
473 3042 581 3115 veluti
603 3040 793 3131 Ciceronis,
811 3042 982 3137 Nepotis,
996 3045 1154 3139 Sallustii,

165 3166 321 3262 Virgilii,
336 3165 493 3255 Horatii,
512 3166 695 3263 Pr0pertii,
714 3164 852 3254 Ovidii,
868 3166 1027 3257 Phaedri,
1043 3170 1154 3259 Flori,

164 3284 313 3376 Lucani,
337 3286 524 3385 luvenalis,
550 3288 712 3361 Suetonii.
748 3289 897 3381 Graeca,
913 3312 997 3387 quae
1015 3288 1161 3364 metm·

167 3427 240 3502 tur,
257 3430 422 3508 perpauca
446 3411 539 3503 sunt,
566 3436 670 3510 eaque
693 3431 854 3512 perquam
879 3414 1001 3489 vitiose
1022 3438 1041 3487 a
1064 3412 1159 3489 Chai·

168 3537 342 3637 cographis
370 3536 546 3632 expressa,
570 3559 610 3612 ut
637 3539 883 3637 nonnumquam
907 3539 980 3619 via
996 3539 1162 3617 sententia

166 3660 347 3738 verborur'n
364 3681 531 3766 appareat.
580 3662 764 3737 Dobirinae
788 3663 907 3739 modus
924 3664 981 3739 hic
1005 3686 1077 3760 est,
1101 3666 1163 3765 qui

166 3791 362 3863 Latinorum
384 3787 590 3877 dubiorum,
614 3806 681 3861 non
698 3788 868 3877 omnium,
893 3790 950 3860 sed
972 3809 1083 3865 tamen
1099 3816 1161 3889 op.

165 3915 348 4003 tiuromm,
386 3910 583 4006 cognitione
620 3911 841 3984 contineatur.
902 3909 1006 3983 Ratio
1043 3915 1159 3989 critica

167 4035 330 4134 ejusmodi
361 4051 440 4118 est,
475 4050 512 4101 ut
542 4032 644 4127 magis
675 4032 930 4107 invindicanda
955 4037 1089 4134 vulgata
1112 4040 1164 4110 le·²

156 4135 350 4249 bimum&
373 4153 603 4227 confirmandis
612 4155 764 4251 priorum
779 4157 1007 4256 interpretum
1029 4161 1162 4237 sentens

171 4289 225 4362 tiis
236 4343 248 4379 ,
275 4309 373 4383 quam
395 4279 602 4380 proferendis
624 4284 721 4355 novis
746 4282 1024 4378 correctionibus,
1049 4286 1160 4362 verse·

169 4432 243 4487 tur:
269 4411 329 4499 dt,
352 4429 391 4482 ut
416 4406 518 4500 magis
541 4405 748 4500 exposttione
773 4409 921 4483 locorum
945 4412 1166 4510 disceptatio-²

170 4555 279 4629 neque
300 4546 570 4623 argumentorum
592 4528 624 4598 in
642 4549 815 4622 utramque
837 4554 966 4625 partem
991 4535 1165 4609 consuma·'

171 4677 247 4745 tur,
270 4675 368 4751 quam
388 4668 486 4721 acuta
512 4652 678 4726 brevitate
701 4651 898 4731 absolvatur.
948 4659 1033 4731 Huc
1055 4678 1173 4754 quum*-

168 4780 275 4857 senilis
300 4774 470 4876 garrulitas
490 4777 686 4869 accederet,
702 4775 828 4852 fabium
844 4790 897 4850 est
909 4830 924 4869 ,-
940 4796 980 4852 ut
999 4780 1165 4876 quaedam

174 4903 421 4981 observationes
432 4900 521 4995 justo
537 4902 701 4999 longiores
718 4904 838 4976 fierent
849 4959 859 4993 ,
869 4903 908 4979 dt
925 4904 1007 4978 liber
1021 4905 1063 4979 ad
1076 4902 1170 4983 hand

173 5028 436 5129 magnitudinem
458 5031 664 5101 excresceret
696 5030 838 5135 Quare,
868 5028 940 5103 libri
956 5030 1043 5105 'laus
1066 5034 1168 5110 aerei-²

175 5157 293 5228 manda
307 5175 359 5226 est
374 5175 519 5227 nontam
535 5152 733 5226 inventione
751 5176 912 5228 novarum
927 5177 1055 5249 rerum,
1065 5180 1170 5258 quarn·

170 5302 280 5353 rerum
296 5279 338 5350 ab
361 5276 431 5353 abis
446 5279 655 5353 inventarum
671 5278 816 5374 judicio,
843 5278 964 5373 dobba,
988 5282 1138 5380 diligenti
1149 5310 1168 5368 ,·

174 5402 337 5479 modesto.
530 5486 541 5510 ι
1004 5442 1008 5449 -
1115 5402 1160 5479 Η.
1272 5482 1280 5519 ,
